@techreport{RN177,
   author = {Abrahams, Caroline and Green, Marcus and Mortimer, Jill},
   title = {Care in Crisis 2014},
   institution = {Age UK},
   url = {http://www.ageuk.org.uk/Documents/EN-GB/Campaigns/CIC/Care_in_Crisis_report_2014.pdf?epslanguage=en-GB?dtrk%3Dtrue},
   year = {2014},
   type = {Report}
}

@techreport{RN329,
   author = {Acheson, Donald and Barker, D},
   title = {Independent inquiry into inequalities in health},
   url = {https://www.gov.uk/government/publications/independent-inquiry-into-inequalities-in-health-report},
   year = {1998},
   type = {Report}
}

@article{RN292,
   author = {Agur, Karolina and McLean, Gary and Hunt, Kate and Guthrie, Bruce and Mercer, Stewart W},
   title = {How does sex influence multimorbidity? Secondary analysis of a large nationally representative dataset},
   journal = {International journal of environmental research and public health},
   volume = {13},
   number = {4},
   pages = {391},
   url = {http://www.mdpi.com/1660-4601/13/4/391/htm},
   year = {2016},
   type = {Journal Article}
}

@book{RN58,
   author = {Allin, Sara and Masseria, Cristina and Sorenson, Corinna and Papanicola, I and Mossialos, Elias},
   title = {Measuring inequalities in access to health care: a review of the indices?},
   publisher = {European Commission Brussels, Belgium},
   year = {2007},
   type = {Book}
}

@article{RN281,
   author = {Allison, Paul D},
   title = {Discrete-time methods for the analysis of event histories},
   journal = {Sociological methodology},
   volume = {13},
   pages = {61-98},
   ISSN = {0081-1750},
   year = {1982},
   type = {Journal Article}
}

@article{RN89,
   author = {Almirall, José and Fortin, Martin},
   title = {The coexistence of terms to describe the presence of multiple concurrent diseases},
   journal = {Journal of Comorbidity},
   volume = {3},
   number = {1},
   pages = {4-9},
   ISSN = {2235-042X},
   year = {2013},
   type = {Journal Article}
}

@article{RN13,
   author = {Alonso-Moran, E. and Nuno-Solinis, R. and Onder, G. and Tonnara, G.},
   title = {Multimorbidity in risk stratification tools to predict negative outcomes in adult population},
   journal = {European Journal of Internal Medicine},
   volume = {26},
   number = {3},
   pages = {182-189},
   ISSN = {0953-6205},
   DOI = {10.1016/j.ejim.2015.02.010},
   url = {<Go to ISI>://WOS:000352147800005
http://ac.els-cdn.com/S095362051500045X/1-s2.0-S095362051500045X-main.pdf?_tid=cd8d0e48-6688-11e5-8826-00000aacb360&acdnat=1443517525_40acf84ac90c22bb3d0a0d45f2a24d74},
   year = {2015},
   type = {Journal Article}
}

@article{RN236,
   author = {Alvarez-Madrazo, Samantha and McTaggart, Stuart and Nangle, Clifford and Nicholson, Elizabeth and Bennie, Marion},
   title = {Data Resource Profile: The Scottish National Prescribing Information System (PIS)},
   journal = {International journal of epidemiology},
   pages = {dyw060},
   ISSN = {0300-5771},
   url = {http://ije.oxfordjournals.org/content/early/2016/05/09/ije.dyw060.extract},
   year = {2016},
   type = {Journal Article}
}

@article{RN3,
   author = {Anderson, S. and Allen, P. and Peckham, S. and Goodwin, N.},
   title = {Asking the right questions: scoping studies in the commissioning of research on the organisation and delivery of health services},
   journal = {Health Res Policy Syst},
   volume = {6},
   pages = {7},
   ISSN = {1478-4505 (Electronic)
1478-4505 (Linking)},
   DOI = {10.1186/1478-4505-6-7},
   url = {http://www.ncbi.nlm.nih.gov/pubmed/18613961
http://www.ncbi.nlm.nih.gov/pmc/articles/PMC2500008/pdf/1478-4505-6-7.pdf},
   year = {2008},
   type = {Journal Article}
}

@inbook{RN342,
   author = {Anttonen, Anneli},
   title = {Empowering social policy: The role of social care services in modern welfare states},
   booktitle = {Social policy and economic development in the Nordic countries},
   editor = {Kangas, Olli and Palme, Joakim},
   publisher = {Palgrave MacMillan UK},
   address = {London},
   pages = {88-117},
   url = {https://books.google.co.uk/books?hl=en&lr=&id=BOmGDAAAQBAJ&oi=fnd&pg=PA88&dq=The+Role+of+Social+Care+Services+in+Modern+Welfare+States%E2%80%9D.&ots=vGRWIM6_y1&sig=E_L4_LhYgdzD18gV0kiSazJSxTY#v=onepage&q=The%20Role%20of%20Social%20Care%20Services%20in%20Modern%20Welfare%20States%E2%80%9D.&f=false},
   year = {2005},
   type = {Book Section}
}

@article{RN347,
   author = {Anttonen, Anneli and Sipilä, Jorma},
   title = {European social care services: is it possible to identify models?},
   journal = {Journal of European social policy},
   volume = {6},
   number = {2},
   pages = {87-100},
   ISSN = {0958-9287},
   url = {http://journals.sagepub.com/doi/abs/10.1177/095892879600600201},
   year = {1996},
   type = {Journal Article}
}

@article{RN9,
   author = {Arksey, Hilary and O'Malley, Lisa},
   title = {Scoping studies: towards a methodological framework},
   journal = {International Journal of Social Research Methodology},
   volume = {8},
   number = {1},
   pages = {19-32},
   ISSN = {1364-5579},
   DOI = {10.1080/1364557032000119616},
   url = {http://dx.doi.org/10.1080/1364557032000119616},
   year = {2005},
   type = {Journal Article}
}

@article{RN196,
   author = {Asparouhov, Tihomir and Muthén, Bengt},
   title = {Residual associations in latent class and latent transition analysis},
   journal = {Structural Equation Modeling: A Multidisciplinary Journal},
   volume = {22},
   number = {2},
   pages = {169-177},
   ISSN = {1070-5511},
   year = {2015},
   type = {Journal Article}
}

@book{RN327,
   author = {Asthana, Sheena and Halliday, Joyce},
   title = {What works in tackling health inequalities?: pathways, policies and practice through the lifecourse},
   publisher = {Policy Press},
   ISBN = {1861346743},
   year = {2006},
   type = {Book}
}

@article{RN133,
   author = {Atherton, Iain M. and Lynch, Ellen and Williams, Andrew J. and Witham, Miles D.},
   title = {Barriers and Solutions to Linking and Using Health and Social Care Data in Scotland},
   journal = {British Journal of Social Work},
   volume = {45},
   number = {5},
   pages = {1614-1622},
   DOI = {10.1093/bjsw/bcv047},
   url = {http://bjsw.oxfordjournals.org/content/45/5/1614.abstract
http://bjsw.oxfordjournals.org/content/45/5/1614.full.pdf},
   year = {2015},
   type = {Journal Article}
}

@article{RN142,
   author = {Atherton, Iain M. and Lynch, Ellen and Williams, Andrew J. and Witham, Miles D.},
   title = {Barriers and Solutions to Linking and Using Health and Social Care Data in Scotland},
   journal = {British Journal of Social Work},
   volume = {45},
   number = {5},
   pages = {1614-1622},
   DOI = {10.1093/bjsw/bcv047},
   url = {http://bjsw.oxfordjournals.org/content/45/5/1614.abstract},
   year = {2015},
   type = {Journal Article}
}

@article{RN270,
   author = {Aubert, Carole E and Streit, Sven and Da Costa, Bruno R and Collet, Tinh-Hai and Cornuz, Jacques and Gaspoz, Jean-Michel and Bauer, Doug and Aujesky, Drahomir and Rodondi, Nicolas},
   title = {Polypharmacy and specific comorbidities in university primary care settings},
   journal = {European journal of internal medicine},
   volume = {35},
   pages = {35-42},
   ISSN = {0953-6205},
   url = {http://www.sciencedirect.com/science/article/pii/S0953620516301388},
   year = {2016},
   type = {Journal Article}
}

@techreport{RN151,
   author = {Audit-Scotland},
   title = {Commissioning Social Care},
   url = {http://www.audit-scotland.gov.uk/docs/health/2012/nr_120301_social_care.pdf},
   year = {2012},
   type = {Report}
}

@techreport{RN253,
   author = {Audit-Scotland},
   title = {Health inequalities in Scotland},
   url = {http://www.audit-scotland.gov.uk/uploads/docs/report/2012/nr_121213_health_inequalities.pdf},
   year = {2012},
   type = {Report}
}

@techreport{RN252,
   author = {Audit-Scotland},
   title = {Health and Social Care Integration},
   url = {http://www.audit-scotland.gov.uk/uploads/docs/report/2015/nr_151203_health_socialcare.pdf},
   year = {2015},
   type = {Report}
}

@techreport{RN257,
   author = {Audit-Scotland},
   title = {NHS in Scotland 2015},
   url = {http://www.audit-scotland.gov.uk/report/nhs-in-scotland-2015},
   year = {2015},
   type = {Report}
}

@techreport{RN251,
   author = {Audit-Scotland},
   title = {Changing Models of Health and Social Care},
   url = {http://www.audit-scotland.gov.uk/uploads/docs/report/2016/nr_160310_changing_models_care.pdf},
   year = {2016},
   type = {Report}
}

@book{RN318,
   author = {Baird, Beccy and Charles, Anna and Honeyman, Matthew and Maguire, David and Das, Preety},
   title = {Understanding pressures in general practice},
   publisher = {King'S Fund},
   ISBN = {1909029610},
   year = {2016},
   type = {Book}
}

@techreport{RN37,
   author = {Baker, M. and Mawby, R.  and Ware, J.},
   title = {Health Inequalites},
   institution = {Royal College of General Practitioners},
   url = {http://www.rcgp.org.uk/Policy/RCGP-policy-areas/~/media/Files/Policy/A-Z-policy/2015/Health%20Inequalities.ashx},
   year = {2015},
   type = {Report}
}

@article{RN389,
   author = {Bambra, Clare},
   title = {Health inequalities and welfare state regimes: theoretical insights on a public health ‘puzzle’},
   journal = {Journal of Epidemiology and Community Health},
   pages = {jech. 2011.136333},
   ISSN = {0143-005X},
   url = {http://jech.bmj.com/content/early/2011/06/20/jech.2011.136333.short},
   year = {2011},
   type = {Journal Article}
}

@article{RN63,
   author = {Bambra, Clare and Gibson, Marcia and Amanda, Sowden and Wright, Kath and Whitehead, Margaret and Petticrew, Mark},
   title = {Tackling the wider social determinants of health and health inequalities: evidence from systematic reviews},
   journal = {Journal of Epidemiology and Community health},
   pages = {jech. 2008.082743},
   ISSN = {1470-2738},
   year = {2009},
   type = {Journal Article}
}

@article{RN152,
   author = {Bardsley, Martin and Billings, John and Dixon, Jennifer and Georghiou, Theo and Lewis, Geraint Hywel and Steventon, Adam},
   title = {Predicting who will use intensive social care: case finding tools based on linked health and social care data},
   journal = {Age and Ageing},
   pages = {afq181},
   ISSN = {0002-0729},
   year = {2011},
   type = {Journal Article}
}

@article{RN206,
   author = {Bardsley, Martin and Billings, John and Dixon, Jennifer and Georghiou, Theo and Lewis, Geraint Hywel and Steventon, Adam},
   title = {Predicting who will use intensive social care: case finding tools based on linked health and social care data},
   journal = {Age & Ageing},
   volume = {40},
   number = {2},
   pages = {265-270},
   ISSN = {0002-0729},
   DOI = {ageing/afq181},
   url = {http://search.ebscohost.com/login.aspx?direct=true&db=cin20&AN=104815736&site=ehost-live
http://ageing.oxfordjournals.org/content/40/2/265.full.pdf},
   year = {2011},
   type = {Journal Article}
}

@article{RN183,
   author = {Bardsley, Martin and Georghiou, Theo and Chassin, Ludovic and Lewis, Geraint and Steventon, Adam and Dixon, Jennifer},
   title = {Overlap of hospital use and social care in older people in England},
   journal = {Journal of Health Services Research & Policy},
   volume = {17},
   number = {3},
   pages = {133-139},
   ISSN = {1355-8196},
   url = {http://hsr.sagepub.com/content/17/3/133.full.pdf},
   year = {2012},
   type = {Journal Article}
}

@article{RN205,
   author = {Bardsley, Martin and Georghiou, Theo and Chassin, Ludovic and Lewis, Geraint and Steventon, Adam and Dixon, Jennifer},
   title = {Overlap of hospital use and social care in older people in England},
   journal = {Journal of Health Services Research and Policy},
   volume = {17},
   number = {3},
   pages = {133-139},
   ISSN = {1355-8196},
   DOI = {10.1258/jhsrp.2011.010171},
   url = {http://search.ebscohost.com/login.aspx?direct=true&db=cin20&AN=104486875&site=ehost-live
http://hsr.sagepub.com/content/17/3/133.full.pdf},
   year = {2012},
   type = {Journal Article}
}

@article{RN191,
   author = {Barile, John P},
   title = {Patterns of Chronic Conditions and Their Associations With Behaviors and Quality of Life, 2010},
   journal = {Preventing chronic disease},
   volume = {12},
   ISSN = {1545-1151},
   year = {2015},
   type = {Journal Article}
}

@article{RN33,
   author = {Barnett, K. and Mercer, S. W. and Norbury, M. and Watt, G. and Wyke, S. and Guthrie, B.},
   title = {Epidemiology of multimorbidity and implications for health care, research, and medical education: a cross-sectional study},
   journal = {Lancet},
   volume = {380},
   number = {9836},
   pages = {37-43},
   ISSN = {0140-6736},
   DOI = {10.1016/S0140-6736(12)60240-2},
   url = {http://www.sciencedirect.com/science/article/pii/S0140673612602402},
   year = {2012},
   type = {Journal Article}
}

@book{RN308,
   author = {Barry, Anne-Marie and Yuill, Chris},
   title = {Understanding the sociology of health: an introduction},
   publisher = {Sage},
   ISBN = {1446254127},
   year = {2011},
   type = {Book}
}

@techreport{RN136,
   author = {Bartlett, J. and Guglielmi, S.},
   title = {A constitution for social care},
   institution = {DEMOS},
   url = {http://demos.co.uk/files/Demos_Social_Care_Constitution_online.pdf},
   year = {2009},
   type = {Report}
}

@inbook{RN393,
   author = {Bartley, Mel and Blane, David},
   title = {Reflections on the legacy of British health inequalities research},
   booktitle = {Health Inequalities: Critical Perspectives},
   editor = {Smith, Katherine E; and Hill, Sarah; and Bambra, Clare},
   publisher = {Oxford University Press},
   address = {Oxford},
   ISBN = {0191008486},
   year = {2016},
   type = {Book Section}
}

@article{RN80,
   author = {Batstra, L and Bos, EH and Neeleman, J},
   title = {Quantifying psychiatric comorbidity},
   journal = {Social psychiatry and psychiatric epidemiology},
   volume = {37},
   number = {3},
   pages = {105-111},
   ISSN = {0933-7954},
   year = {2002},
   type = {Journal Article}
}

@techreport{RN276,
   author = {Bell, J.; and Gowans, H.; and Mackey, E.; and Elliot, M.},
   title = {Legal issues for ADRN users},
   institution = {Administrative Data Research Network},
   url = {https://adrn.ac.uk/media/174198/legal_guide_final.pdf},
   year = {2016},
   type = {Report}
}

@article{RN293,
   author = {Benjamini, Yoav and Hochberg, Yosef},
   title = {Controlling the false discovery rate: a practical and powerful approach to multiple testing},
   journal = {Journal of the royal statistical society. Series B (Methodological)},
   pages = {289-300},
   ISSN = {0035-9246},
   url = {http://www.stat.purdue.edu/~doerge/BIOINFORM.D/FALL06/Benjamini%20and%20Y%20FDR.pdf},
   year = {1995},
   type = {Journal Article}
}

@article{RN190,
   author = {Bennink, Margot and Croon, Marcel A and Vermunt, Jeroen K},
   title = {Stepwise latent class models for explaining group-level outcomes using discrete individual-level predictors},
   journal = {Multivariate behavioral research},
   volume = {50},
   number = {6},
   pages = {662-675},
   ISSN = {0027-3171},
   year = {2015},
   type = {Journal Article}
}

@techreport{RN140,
   author = {Beresford, P. and Bolton, J. and Cooper, A. and Donnellan, H. and Miller, R. and Moriarty, J. and Pike, L. and Watts, R.},
   title = {Reimagining Adult Social Care: Executive Summary},
   url = {https://www.ripfa.org.uk/publications-resources/adult-social-care-policy-strategy-and-planning/194-reimagining-adult-social-care-evidence-review-exec-summary/file},
   year = {2015},
   type = {Report}
}

@article{RN267,
   author = {Bierman, Arlene S and Tinetti, Mary E},
   title = {Precision medicine to precision care: managing multimorbidity},
   journal = {The Lancet},
   volume = {388},
   number = {10061},
   pages = {2721-2723},
   ISSN = {0140-6736},
   url = {http://www.sciencedirect.com.ezproxy.lib.gla.ac.uk/science/article/pii/S0140673616322322?np=y&npKey=ae338550f954748f7bb74bb0d33c3ee5c0e0bca5687126905565093821e32c3a},
   year = {2016},
   type = {Journal Article}
}

@article{RN222,
   author = {Bindman, Andrew B and Grumbach, Kevin and Osmond, Dennis and Komaromy, Miriam and Vranizan, Karen and Lurie, Nicole and Billings, John and Stewart, Anita},
   title = {Preventable hospitalizations and access to health care},
   journal = {Jama},
   volume = {274},
   number = {4},
   pages = {305-311},
   ISSN = {0098-7484},
   year = {1995},
   type = {Journal Article}
}

@article{RN326,
   author = {Black, Sir Douglas},
   title = {Inequalities in health: The Black report},
   year = {1982},
   type = {Journal Article}
}

@article{RN355,
   author = {Blischak, John D and Davenport, Emily R and Wilson, Greg},
   title = {A quick introduction to version control with Git and GitHub},
   journal = {PLoS Comput Biol},
   volume = {12},
   number = {1},
   pages = {e1004668},
   ISSN = {1553-7358},
   url = {http://journals.plos.org/ploscompbiol/article?id=10.1371/journal.pcbi.1004668&utm_content=buffer4984d&utm_medium=social&utm_source=twitter.com&utm_campaign=buffer},
   year = {2016},
   type = {Journal Article}
}

@article{RN32,
   author = {Booth, Helen P and Prevost, A Toby and Gulliford, Martin C},
   title = {Impact of body mass index on prevalence of multimorbidity in primary care: cohort study},
   journal = {Family practice},
   pages = {cmt061},
   ISSN = {0263-2136},
   year = {2013},
   type = {Journal Article}
}

@article{RN123,
   author = {Boyne, George and Powell, Martin},
   title = {Territorial justice: a review of theory and evidence},
   journal = {Political Geography Quarterly},
   volume = {10},
   number = {3},
   pages = {263-281},
   ISSN = {0260-9827},
   year = {1991},
   type = {Journal Article}
}

@article{RN286,
   author = {Bradburn, MJ and Clark, TG and Love, SB and Altman, DG},
   title = {Survival analysis Part III: multivariate data analysis-choosing a model and assessing its adequacy and fit},
   journal = {The British Journal of Cancer},
   volume = {89},
   number = {4},
   pages = {605},
   ISSN = {0007-0920},
   url = {http://search.proquest.com/openview/7ac23189e619f99d4b93a7c991944831/1?pq-origsite=gscholar&cbl=41855},
   year = {2003},
   type = {Journal Article}
}

@article{RN285,
   author = {Bradburn, Mike J and Clark, Taane G and Love, SB and Altman, DG},
   title = {Survival analysis part II: multivariate data analysis-an introduction to concepts and methods},
   journal = {The British Journal of Cancer},
   volume = {89},
   number = {3},
   pages = {431},
   ISSN = {0007-0920},
   url = {http://search.proquest.com/openview/a39ddc041cda7cac6ad9da0c1913d617/1?pq-origsite=gscholar&cbl=41855},
   year = {2003},
   type = {Journal Article}
}

@article{RN115,
   author = {Bramley, Glen and Evans, Martin},
   title = {Getting the Smaller Picture: Small‐Area Analysis of Public Expenditure Incidence and Deprivation in Three English Cities},
   journal = {Fiscal Studies},
   volume = {21},
   number = {2},
   pages = {231-267},
   ISSN = {1475-5890},
   year = {2000},
   type = {Journal Article}
}

@misc{RN114,
   year = {1998},
   type = {Government Document}
}

@article{RN247,
   author = {Brilleman, Samuel L and Salisbury, Chris},
   title = {Comparing measures of multimorbidity to predict outcomes in primary care: a cross sectional study},
   journal = {Family practice},
   volume = {30},
   number = {2},
   pages = {172-178},
   ISSN = {0263-2136},
   url = {https://www.ncbi.nlm.nih.gov/pmc/articles/PMC3604888/?tool=pmcentrez},
   year = {2013},
   type = {Journal Article}
}

@article{RN372,
   author = {Brown, Louise and Tucker, Christine and Domokos, Teresa},
   title = {Evaluating the impact of integrated health and social care teams on older people living in the community},
   journal = {Health and social care in the community},
   volume = {11},
   number = {2},
   pages = {85-94},
   ISSN = {1365-2524},
   url = {http://onlinelibrary.wiley.com/doi/10.1046/j.1365-2524.2003.00409.x/full},
   year = {2003},
   type = {Journal Article}
}

@techreport{RN314,
   author = {Buck, David and Maguire, David},
   title = {Inequalities in life expectancy: changes over time and implications for policy},
   url = {http://www.thehealthwell.info/search-results/inequalities-life-expectancy-changes-over-time-and-implications-policy?source=relatedblock&content=resource&member=572160&catalogue=none&collection=Health%20Inequalities%20&tokens_complete=true},
   year = {2017},
   type = {Report}
}

@techreport{RN173,
   author = {Burchardt, T. and Obolenskaya, P. and Vizard, P.},
   title = {The Coalition's record on Adult Social Care: Policy Spending and Outcomes 2010-2015},
   institution = {LSE},
   url = {http://sticerd.lse.ac.uk/dps/case/spcc/WP17.pdf},
   year = {2015},
   type = {Report}
}

@techreport{RN234,
   author = {Burgess, L.},
   title = {SPICe Briefing. Integration of Health and Social Care: International Comparisons},
   url = {http://www.parliament.scot/ResearchBriefingsAndFactsheets/Factsheets/SB_12-48.pdf},
   year = {2012},
   type = {Report}
}

@techreport{RN232,
   author = {Burgess, L.},
   title = {SPICe Briefing: Integration of Health and Social Care.},
   url = {http://www.parliament.scot/ResearchBriefingsAndFactsheets/S5/SB_16-70_Integration_of_Health_and_Social_Care.pdf},
   year = {2016},
   type = {Report}
}

@book{RN280,
   author = {Burns, Patrick},
   title = {The R inferno},
   publisher = {Lulu. com},
   ISBN = {1471046524},
   year = {2012},
   type = {Book}
}

@article{RN263,
   author = {Buuren, Stef and Groothuis-Oudshoorn, Karin},
   title = {mice: Multivariate imputation by chained equations in R},
   journal = {Journal of statistical software},
   volume = {45},
   number = {3},
   ISSN = {1548-7660},
   url = {https://www.jstatsoft.org/article/view/v045i03},
   year = {2011},
   type = {Journal Article}
}

@article{RN359,
   author = {Buuren, Stef and Groothuis-Oudshoorn, Karin},
   title = {mice: Multivariate imputation by chained equations in R},
   journal = {Journal of statistical software},
   volume = {45},
   number = {3},
   ISSN = {1548-7660},
   year = {2011},
   type = {Journal Article}
}

@article{RN300,
   author = {Calderón-Larrañaga, Amaia and Vetrano, Davide L and Onder, Graziano and Gimeno-Feliu, Luis A and Coscollar-Santaliestra, Carlos and Carfí, Angelo and Pisciotta, Maria S and Angleman, Sara and Melis, René JF and Santoni, Giola},
   title = {Assessing and Measuring Chronic Multimorbidity in the Older Population: A Proposal for Its Operationalization},
   journal = {The Journals of Gerontology Series A: Biological Sciences and Medical Sciences},
   pages = {glw233},
   ISSN = {1079-5006},
   url = {https://academic.oup.com/biomedgerontology/article/2731241/},
   year = {2016},
   type = {Journal Article}
}

@article{RN180,
   author = {Campbell, David and Côté, Grégoire and Grant, Jonathan and Knapp, Martin and Mehta, Anji and Morgan Jones, Molly},
   title = {Comparative Performance of Adult Social Care Research, 1996–2011: A Bibliometric Assessment},
   journal = {British Journal of Social Work},
   DOI = {10.1093/bjsw/bcv022},
   url = {http://bjsw.oxfordjournals.org/content/early/2015/04/15/bjsw.bcv022.abstract
http://bjsw.oxfordjournals.org/content/early/2015/04/15/bjsw.bcv022.full.pdf},
   year = {2015},
   type = {Journal Article}
}

@article{RN110,
   author = {Campbell, Stephen M and Roland, Martin O and Buetow, Stephen A},
   title = {Defining quality of care},
   journal = {Social science & medicine},
   volume = {51},
   number = {11},
   pages = {1611-1625},
   ISSN = {0277-9536},
   url = {http://ac.els-cdn.com/S0277953600000575/1-s2.0-S0277953600000575-main.pdf?_tid=27fdded0-8857-11e5-82c0-00000aab0f27&acdnat=1447234542_342ff3e685a3bcbbc89202ad3931f36b},
   year = {2000},
   type = {Journal Article}
}

@article{RN166,
   author = {Castellani, Brian and Rajaram, Rajeev and Gunn, Jane and Griffiths, Frances},
   title = {Cases, clusters, densities: Modeling the nonlinear dynamics of complex health trajectories},
   journal = {Complexity},
   pages = {n/a-n/a},
   ISSN = {1099-0526},
   DOI = {10.1002/cplx.21728},
   url = {http://dx.doi.org/10.1002/cplx.21728},
   year = {2015},
   type = {Journal Article}
}

@inbook{RN373,
   author = {Cavaye, Joyce},
   title = {The Care of Older People in Scotland},
   booktitle = {Social care, health and welfare in contemporary Scotland},
   editor = {Mooney, Gerry and Sweeney, Tony and Law, Alex},
   publisher = {Kynoch and Blaney},
   ISBN = {0955397308},
   year = {2006},
   type = {Book Section}
}

@techreport{RN317,
   author = {CfWI},
   title = {In-depth review of the general practicioner workforce},
   url = {https://www.gov.uk/government/publications/in-depth-review-of-the-general-practitioner-workforce},
   year = {2014},
   type = {Report}
}

@article{RN45,
   author = {Challis, David and Hughes, Jane},
   title = {Frail old people at the margins of care: some recent research findings},
   journal = {The British Journal of Psychiatry},
   volume = {180},
   number = {2},
   pages = {126-130},
   ISSN = {0007-1250},
   year = {2002},
   type = {Journal Article}
}

@article{RN339,
   author = {Charlson, Mary E and Pompei, Peter and Ales, Kathy L and MacKenzie, C Ronald},
   title = {A new method of classifying prognostic comorbidity in longitudinal studies: development and validation},
   journal = {Journal of chronic diseases},
   volume = {40},
   number = {5},
   pages = {373-383},
   ISSN = {0021-9681},
   url = {http://www.sciencedirect.com/science/article/pii/0021968187901718},
   year = {1987},
   type = {Journal Article}
}

@article{RN245,
   author = {Chung, Roger Y and Mercer, Stewart W and Yip, Benjamin HK and Chan, Stephanie WC and Lai, Francisco TT and Wang, Harry HX and Wong, Martin CS and Wong, Carmen KM and Sit, Regina WS and Yeoh, Eng-Kiong},
   title = {The association between types of regular primary care and hospitalization among people with and without multimorbidity: A household survey on 25,780 Chinese},
   journal = {Scientific Reports},
   volume = {6},
   url = {https://www.ncbi.nlm.nih.gov/pmc/articles/PMC4951721/},
   year = {2016},
   type = {Journal Article}
}

@techreport{RN265,
   author = {Claderwood, C.; Smith, G., Baird.A.; Taylor, M.; Norris. R.; White. C.; Morris. A.; McQueen. F.; Lunday-Johnsone, J.; Parr, R.; RIley, A.; Paterson, G.},
   title = {Realising Realistic Medicine. },
   url = {http://www.gov.scot/Resource/0051/00514513.pdf},
   year = {2017},
   type = {Report}
}

@article{RN284,
   author = {Clark, TG and Bradburn, MJ and Love, SB and Altman, DG},
   title = {Survival analysis part I: basic concepts and first analyses},
   journal = {The British Journal of Cancer},
   volume = {89},
   number = {2},
   pages = {232},
   ISSN = {0007-0920},
   url = {http://search.proquest.com/openview/eab91902e9dfecec7162add248408edb/1?pq-origsite=gscholar&cbl=41855},
   year = {2003},
   type = {Journal Article}
}

@article{RN301,
   author = {Clerencia-Sierra, Mercedes and Calderón-Larrañaga, Amaia and Martínez-Velilla, Nicolás and Vergara-Mitxeltorena, Itziar and Aldaz-Herce, Pablo and Poblador-Plou, Beatriz and Machón-Sobrado, Mónica and Egüés-Olazabal, Nerea and Abellán-van Kan, Gabor and Prados-Torres, Alexandra},
   title = {Multimorbidity patterns in hospitalized older patients: Associations among chronic diseases and geriatric syndromes},
   journal = {PloS one},
   volume = {10},
   number = {7},
   pages = {e0132909},
   ISSN = {1932-6203},
   url = {http://journals.plos.org/plosone/article?id=10.1371/journal.pone.0132909},
   year = {2015},
   type = {Journal Article}
}

@book{RN291,
   author = {Collins, Linda M and Lanza, Stephanie T},
   title = {Latent class and latent transition analysis: With applications in the social, behavioral, and health sciences},
   publisher = {John Wiley and Sons},
   address = {New Jersey},
   ISBN = {111821076X},
   year = {2013},
   type = {Book}
}

@article{RN6,
   author = {Colquhoun, H. L. and Levac, D. and O'Brien, K. K. and Straus, S. and Tricco, A. C. and Perrier, L. and Kastner, M. and Moher, D.},
   title = {Scoping reviews: time for clarity in definition, methods, and reporting},
   journal = {Journal of Clinical Epidemiology},
   volume = {67},
   number = {12},
   pages = {1291-1294},
   ISSN = {0895-4356},
   DOI = {10.1016/j.jclinepi.2014.03.013},
   url = {<Go to ISI>://WOS:000346883700002
http://www.jclinepi.com/article/S0895-4356(14)00210-8/abstract
http://ac.els-cdn.com/S0895435614002108/1-s2.0-S0895435614002108-main.pdf?_tid=a2687cb4-5d34-11e5-9214-00000aacb361&acdnat=1442491815_a5c0139d7ff5a7a026320a214896c938},
   year = {2014},
   type = {Journal Article}
}

@article{RN30,
   author = {Condelius, Anna and Edberg, Anna-Karin and Jakobsson, Ulf and Hallberg, Ingalill R},
   title = {Hospital admissions among people 65+ related to multimorbidity, municipal and outpatient care},
   journal = {Archives of gerontology and geriatrics},
   volume = {46},
   number = {1},
   pages = {41-55},
   ISSN = {0167-4943},
   url = {http://ac.els-cdn.com/S0167494307000933/1-s2.0-S0167494307000933-main.pdf?_tid=d69ce94e-65e4-11e5-864b-00000aacb361&acdnat=1443447103_893292e25fba2d8efb47f7a92a5164ea},
   year = {2008},
   type = {Journal Article}
}

@article{RN187,
   author = {Cornell, John E and Pugh, Jacqueline A and Williams Jr, John W and Kazis, Lewis and Lee, Austin FS and Parchman, Michael L and Zeber, John and Pederson, Thomas and Montgomery, Kelly A and Noël, Polly Hitchcock},
   title = {Multimorbidity clusters: clustering binary data from multimorbidity clusters: clustering binary data from a large administrative medical database},
   journal = {Applied Multivariate Research},
   volume = {12},
   number = {3},
   pages = {163-182},
   ISSN = {1918-1108},
   year = {2009},
   type = {Journal Article}
}

@article{RN299,
   author = {Craig, Peter and Katikireddi, Srinivasa Vittal and Leyland, Alastair and Popham, Frank},
   title = {Natural Experiments: An Overview of Methods, Approaches, and Contributions to Public Health Intervention Research},
   journal = {Annual Review of Public Health},
   number = {0},
   ISSN = {0163-7525},
   url = {http://www.annualreviews.org/doi/10.1146/annurev-publhealth-031816-044327},
   year = {2016},
   type = {Journal Article}
}

@article{RN224,
   author = {Curry, Natasha and Ham, Chris},
   title = {Clinical and service integration},
   journal = {The route to improve outcomes. London: The Kings Fund},
   year = {2010},
   type = {Journal Article}
}

@article{RN146,
   author = {Daly, Mary and Lewis, Jane},
   title = {The concept of social care and the analysis of contemporary welfare states},
   journal = {The British journal of sociology},
   volume = {51},
   number = {2},
   pages = {281-298},
   ISSN = {1468-4446},
   url = {http://onlinelibrary.wiley.com/store/10.1111/j.1468-4446.2000.00281.x/asset/j.1468-4446.2000.00281.x.pdf?v=1&t=ihfcdbp2&s=4a5f29e4d44e79043d43cdd3134f4761faf78b2f},
   year = {2000},
   type = {Journal Article}
}

@article{RN260,
   author = {Damery, Sarah and Flanagan, Sarah and Combes, Gill},
   title = {Does integrated care reduce hospital activity for patients with chronic diseases? An umbrella review of systematic reviews},
   journal = {BMJ open},
   volume = {6},
   number = {11},
   pages = {e011952},
   ISSN = {2044-6055},
   url = {http://bmjopen.bmj.com/content/6/11/e011952},
   year = {2016},
   type = {Journal Article}
}

@misc{RN356,
   volume = {2017},
   number = {15.05.2017},
   url = {file:///C:/Users/hedgi/Downloads/new_financial_tools_tidy_ecosystem.pdf},
   year = {2017},
   type = {Web Page}
}

@article{RN8,
   author = {Daudt, H. M. L. and van Mossel, C. and Scott, S. J.},
   title = {Enhancing the scoping study methodology: a large, inter-professional team's experience with Arksey and O'Malley's framework},
   journal = {Bmc Medical Research Methodology},
   volume = {13},
   ISSN = {1471-2288},
   DOI = {10.1186/1471-2288-13-48},
   url = {<Go to ISI>://WOS:000317130900001
http://www.biomedcentral.com/content/pdf/1471-2288-13-48.pdf},
   year = {2013},
   type = {Journal Article}
}

@article{RN2,
   author = {Davis, K. and Drey, N. and Gould, D.},
   title = {What are scoping studies? A review of the nursing literature},
   journal = {Int J Nurs Stud},
   volume = {46},
   number = {10},
   pages = {1386-400},
   ISSN = {1873-491X (Electronic)
0020-7489 (Linking)},
   DOI = {10.1016/j.ijnurstu.2009.02.010},
   url = {http://www.ncbi.nlm.nih.gov/pubmed/19328488
http://www.journalofnursingstudies.com/article/S0020-7489(09)00069-8/abstract
http://ac.els-cdn.com/S0020748909000698/1-s2.0-S0020748909000698-main.pdf?_tid=b5d9bee8-5d34-11e5-8693-00000aacb361&acdnat=1442491847_2b1d71a4c5c8041fdcc9ba126f566b30},
   year = {2009},
   type = {Journal Article}
}

@article{RN16,
   author = {de Groot, V. and Beckerman, H. and Lankhorst, G. and Bouter, L.},
   title = {How to measure comorbidity: a critical review of available methods},
   journal = {Journal of Clinical Epidemiology},
   volume = {57},
   number = {3},
   pages = {323-323},
   ISSN = {0895-4356},
   DOI = {10.1016/j.jclinepi.2003.09.002},
   url = {<Go to ISI>://WOS:000220983500015},
   year = {2004},
   type = {Journal Article}
}

@article{RN343,
   author = {Deusdad, Blanca A and Pace, Charles and Anttonen, Anneli},
   title = {Facing the Challenges in the Development of Long-Term Care for Older People in Europe in the Context of an Economic Crisis},
   journal = {Journal of Social Service Research},
   volume = {42},
   number = {2},
   pages = {144-150},
   ISSN = {0148-8376},
   url = {http://www.tandfonline.com/doi/full/10.1080/01488376.2015.1133147},
   year = {2016},
   type = {Journal Article}
}

@article{RN34,
   author = {Diederichs, C. and Berger, K. and Bartels, D. B.},
   title = {The Measurement of Multiple Chronic Diseases-A Systematic Review on Existing Multimorbidity Indices},
   journal = {Journals of Gerontology Series a-Biological Sciences and Medical Sciences},
   volume = {66},
   number = {3},
   pages = {301-311},
   ISSN = {1079-5006},
   DOI = {10.1093/gerona/glq208},
   url = {<Go to ISI>://WOS:000288415800007
http://biomedgerontology.oxfordjournals.org/content/66A/3/301.full.pdf},
   year = {2011},
   type = {Journal Article}
}

@article{RN10,
   author = {Doessing, A.; Burau, V.},
   title = {Care coordination of multimorbidity: a scoping study},
   journal = {Journal of Comorbidity},
   volume = {5},
   number = {1},
   pages = {15-28},
   DOI = {10.15256/joc.2015.5.39},
   year = {2015},
   type = {Journal Article}
}

@book{RN394,
   author = {Douglas, Margaret},
   title = {Beyond ‘health’: Why don’t we tackle the cause of health inequalities?},
   publisher = {Oxford University Press},
   address = {Oxford},
   series = {Health Inequalities: Critical Perspectives},
   ISBN = {0191008486},
   year = {2016},
   type = {Edited Book}
}

@techreport{RN159,
   author = {Elder, R. and Kirkpatrick, M.  and Sutton, W. and M., Macleod. and B., Guthrie and Sutton, M.  and Watt, G.},
   title = {Measuring quality in primary medical services using data from SPICE},
   url = {http://www.em-online.com/download/medical_article/36074_spice_report_july_2007.pdf},
   year = {2007},
   type = {Report}
}

@article{RN218,
   author = {Elliott, Alison M and McAteer, Anne and Heaney, David and Ritchie, Lewis D and Hannaford, Philip C},
   title = {Examining the role of Scotland's telephone advice service (NHS 24) for managing health in the community: analysis of routinely collected NHS 24 data},
   journal = {BMJ open},
   volume = {5},
   number = {8},
   pages = {e007293},
   ISSN = {2044-6055},
   year = {2015},
   type = {Journal Article}
}

@article{RN353,
   author = {Falster, Michael O and Jorm, Louisa R and Leyland, Alastair H},
   title = {Visualising linked health data to explore health events around preventable hospitalisations in NSW Australia},
   journal = {BMJ open},
   volume = {6},
   number = {9},
   pages = {e012031},
   ISSN = {2044-6055},
   url = {http://bmjopen.bmj.com/content/6/9/e012031.short},
   year = {2016},
   type = {Journal Article}
}

@article{RN87,
   author = {Faner, Rosa and Agustí, Alvar},
   title = {Network analysis: a way forward for understanding COPD multimorbidity},
   journal = {European Respiratory Journal},
   volume = {46},
   number = {3},
   pages = {591-592},
   ISSN = {0903-1936},
   url = {http://d39mdc1iz3oyyf.cloudfront.net//content/erj/46/3/591.full.pdf},
   year = {2015},
   type = {Journal Article}
}

@article{RN350,
   author = {Faulkner, Debbie and Law, Julia},
   title = {The ‘unnecessary’use of emergency departments by older people: findings from hospital data, hospital staff and older people},
   journal = {Australian Health Review},
   volume = {39},
   number = {5},
   pages = {544-551},
   ISSN = {1449-8944},
   url = {http://www.publish.csiro.au/ah/ah14185},
   year = {2015},
   type = {Journal Article}
}

@article{RN18,
   author = {Feinstein, A. R.},
   title = {THE PRE THERAPEUTIC CLASSIFICATION OF CO MORBIDITY IN CHRONIC DISEASE},
   journal = {Journal of Chronic Diseases},
   volume = {23},
   number = {7},
   pages = {455-468},
   ISSN = {0021-9681},
   url = {<Go to ISI>://BIOSIS:PREV197152115205},
   year = {1970},
   type = {Journal Article}
}

@article{RN338,
   author = {Feinstein, Alvan R},
   title = {The pre-therapeutic classification of co-morbidity in chronic disease},
   journal = {Journal of chronic diseases},
   volume = {23},
   number = {7},
   pages = {455-468},
   ISSN = {0021-9681},
   url = {http://www.sciencedirect.com/science/article/pii/0021968170900548},
   year = {1970},
   type = {Journal Article}
}

@techreport{RN178,
   author = {Fernandez, Jose-Luis and Snell, Tom and Forder, Julien and Wittenberg, Raphael},
   title = {Implications of setting eligibility criteria for adult social care services in England at moderate needs level},
   institution = {PSSRU Discussion Paper DP2851},
   year = {2013},
   type = {Report}
}

@techreport{RN181,
   author = {Fernandez, Jose-Luis and Snell, Tom and Marczak, Joanna},
   title = {An assessment of the impact of the Care Act 2014 eiligibility regulations},
   institution = {Personal Social Sevices Research Unit},
   url = {http://www.pssru.ac.uk/archive/pdf/5141.pdf},
   year = {2015},
   type = {Report}
}

@article{RN348,
   author = {Fernández-Alonso, Mercedes and Jaime-Castillo, Antonio M},
   title = {Welfare state and individual expectations of economic support: A comparison of Norway and Spain},
   journal = {International Sociology},
   volume = {31},
   number = {1},
   pages = {37-56},
   ISSN = {0268-5809},
   url = {http://journals.sagepub.com/doi/abs/10.1177/0268580915613192},
   year = {2016},
   type = {Journal Article}
}

@article{RN229,
   author = {Fishman, Paul A and Goodman, Michael J and Hornbrook, Mark C and Meenan, Richard T and Bachman, Donald J and Rosetti, Maureen CO’Keeffe},
   title = {Risk adjustment using automated ambulatory pharmacy data: the RxRisk model},
   journal = {Medical care},
   volume = {41},
   number = {1},
   pages = {84-99},
   ISSN = {0025-7079},
   url = {http://journals.lww.com/lww-medicalcare/Abstract/2003/01000/Risk_Adjustment_Using_Automated_Ambulatory.11.aspx},
   year = {2003},
   type = {Journal Article}
}

@article{RN103,
   author = {Foguet-Boreu, Q. and Violan, C. and Roso-Llorach, A. and Rodriguez-Blanco, T. and Pons-Vigues, M. and Munoz-Perez, M. A. and Pujol-Ribera, E. and Valderas, J. M.},
   title = {Impact of multimorbidity: acute morbidity, area of residency and use of health services across the life span in a region of south Europe},
   journal = {BMC Fam Pract},
   volume = {15},
   pages = {55},
   ISSN = {1471-2296},
   DOI = {10.1186/1471-2296-15-55},
   url = {http://www.ncbi.nlm.nih.gov/pmc/articles/PMC3987684/pdf/1471-2296-15-55.pdf},
   year = {2014},
   type = {Journal Article}
}

@article{RN243,
   author = {Fortin, Martin and Bravo, Gina and Hudon, Catherine and Lapointe, Lise and Dubois, Marie-France and Almirall, José},
   title = {Psychological distress and multimorbidity in primary care},
   journal = {The Annals of Family Medicine},
   volume = {4},
   number = {5},
   pages = {417-422},
   ISSN = {1544-1709},
   url = {http://www.annfammed.org/content/4/5/417.short},
   year = {2006},
   type = {Journal Article}
}

@article{RN242,
   author = {Fortin, Martin and Hudon, Catherine and Dubois, Marie-France and Almirall, José and Lapointe, Lise and Soubhi, Hassan},
   title = {Comparative assessment of three different indices of multimorbidity for studies on health-related quality of life},
   journal = {Health and Quality of Life Outcomes},
   volume = {3},
   number = {1},
   pages = {74},
   ISSN = {1477-7525},
   url = {https://hqlo.biomedcentral.com/articles/10.1186/1477-7525-3-74},
   year = {2005},
   type = {Journal Article}
}

@article{RN337,
   author = {Fortin, Martin and Lapointe, Lise and Hudon, Catherine and Vanasse, Alain},
   title = {Multimorbidity is common to family practice: is it commonly researched?},
   journal = {Canadian Family Physician},
   volume = {51},
   number = {2},
   pages = {244-245},
   ISSN = {0008-350X},
   url = {http://www.cfp.ca/content/51/2/244.short},
   year = {2005},
   type = {Journal Article}
}

@article{RN241,
   author = {Fortin, Martin and Lapointe, Lise and Hudon, Catherine and Vanasse, Alain and Ntetu, Antoine L and Maltais, Danielle},
   title = {Multimorbidity and quality of life in primary care: a systematic review},
   journal = {Health and Quality of life Outcomes},
   volume = {2},
   number = {1},
   pages = {51},
   ISSN = {1477-7525},
   url = {https://hqlo.biomedcentral.com/articles/10.1186/1477-7525-2-51},
   year = {2004},
   type = {Journal Article}
}

@article{RN66,
   author = {Fortin, Martin and Soubhi, Hassan and Hudon, Catherine and Bayliss, Elizabeth A and van den Akker, Marjan},
   title = {Multimorbidity's many challenges},
   journal = {BMJ: British Medical Journal},
   volume = {334},
   number = {7602},
   pages = {1016},
   url = {http://www.ncbi.nlm.nih.gov/pmc/articles/PMC1871747/pdf/bmj-334-7602-edit-01016.pdf},
   year = {2007},
   type = {Journal Article}
}

@article{RN56,
   author = {Fortin, Martin and Stewart, Moira and Poitras, Marie-Eve and Almirall, José and Maddocks, Heather},
   title = {A systematic review of prevalence studies on multimorbidity: toward a more uniform methodology},
   journal = {The Annals of Family Medicine},
   volume = {10},
   number = {2},
   pages = {142-151},
   ISSN = {1544-1709},
   url = {http://www.ncbi.nlm.nih.gov/pmc/articles/PMC3315131/pdf/0100142.pdf},
   year = {2012},
   type = {Journal Article}
}

@article{RN53,
   author = {France, Emma F and Wyke, Sally and Gunn, Jane M and Mair, Frances S and McLean, Gary and Mercer, Stewart W},
   title = {Multimorbidity in primary care: a systematic review of prospective cohort studies},
   journal = {British Journal of General Practice},
   volume = {62},
   number = {597},
   pages = {e297-e307},
   ISSN = {0960-1643},
   url = {http://www.ncbi.nlm.nih.gov/pmc/articles/PMC3310037/pdf/bjgp62-e297.pdf},
   year = {2012},
   type = {Journal Article}
}

@article{RN330,
   author = {Frank, John and Bromley, Catherine and Doi, Larry and Estrade, Michelle and Jepson, Ruth and McAteer, John and Robertson, Tony and Treanor, Morag and Williams, Andrew},
   title = {Seven key investments for health equity across the lifecourse: Scotland versus the rest of the UK},
   journal = {Social Science and Medicine},
   volume = {140},
   pages = {136-146},
   ISSN = {0277-9536},
   url = {http://www.sciencedirect.com/science/article/pii/S027795361530023X},
   year = {2015},
   type = {Journal Article}
}

@article{RN202,
   author = {Gabrielian, Sonya and Burns, Alaina V. and Nanda, Nupur and Hellemann, Gerhard and Kane, Vincent and Young, Alexander S.},
   title = {Factors Associated With Premature Exits From Supported Housing},
   journal = {Psychiatric Services},
   volume = {67},
   number = {1},
   pages = {86-93},
   ISSN = {1075-2730},
   DOI = {10.1176/appi.ps.201400311},
   url = {http://search.ebscohost.com/login.aspx?direct=true&db=cin20&AN=112134094&site=ehost-live
http://www.ncbi.nlm.nih.gov/pmc/articles/PMC4701592/pdf/nihms-731015.pdf},
   year = {2016},
   type = {Journal Article}
}

@article{RN384,
   author = {Galobardes, Bruna and Shaw, Mary and Lawlor, Debbie A and Lynch, John W and Smith, George Davey},
   title = {Indicators of socioeconomic position (part 1)},
   journal = {Journal of Epidemiology and Community Health},
   volume = {60},
   number = {1},
   pages = {7-12},
   ISSN = {0143-005X},
   url = {http://jech.bmj.com/content/60/1/7.short},
   year = {2006},
   type = {Journal Article}
}

@techreport{RN235,
   author = {Gannon, Maria and Bailey, Nick and Hastings, Annette and Bramley, Glen},
   title = {Financial Scrutiny Unit Briefing: The social impact of the 2016-17 local goverment budget},
   url = {http://www.parliament.scot/ResearchBriefingsAndFactsheets/S5/SB_16-84_The_social_impact_of_the_2016-17_local_government_budget.pdf},
   year = {2016},
   type = {Report}
}

@article{RN207,
   author = {Gaughan, James and Gravelle, Hugh and Siciliani, Luigi},
   title = {Testing the bed-blocking hypothesis: does nursing and care home supply reduce delayed hospital discharges?},
   journal = {Health Economics},
   volume = {24},
   pages = {32-44},
   ISSN = {1057-9230},
   DOI = {10.1002/hec.3150},
   url = {http://search.ebscohost.com/login.aspx?direct=true&db=cin20&AN=109709169&site=ehost-live
http://www.ncbi.nlm.nih.gov/pmc/articles/PMC4406135/pdf/hec0024-0032.pdf},
   year = {2015},
   type = {Journal Article}
}

@article{RN351,
   author = {George, Elisabeth},
   title = {How real-world data compensate for scarce evidence in HTA},
   journal = {Zeitschrift für Evidenz, Fortbildung und Qualität im Gesundheitswesen},
   volume = {112},
   pages = {S23-S26},
   ISSN = {1865-9217},
   url = {http://www.sciencedirect.com/science/article/pii/S1865921716300757},
   year = {2016},
   type = {Journal Article}
}

@article{RN357,
   author = {Gibson, Amy and Randall, Deborah and Tran, Duong T and Byrne, Mary and Lawler, Anthony and Havard, Alys and Robinson, Maureen and Jorm, Louisa R},
   title = {Emergency Department Attendance after Telephone Triage: A Population‐Based Data Linkage Study},
   journal = {Health Services Research},
   ISSN = {1475-6773},
   url = {http://onlinelibrary.wiley.com/doi/10.1111/1475-6773.12692/full},
   year = {2017},
   type = {Journal Article}
}

@article{RN81,
   author = {Gijsen, Ronald and Hoeymans, Nancy and Schellevis, François G and Ruwaard, Dirk and Satariano, William A and van den Bos, Geertrudis AM},
   title = {Causes and consequences of comorbidity: a review},
   journal = {Journal of clinical epidemiology},
   volume = {54},
   number = {7},
   pages = {661-674},
   ISSN = {0895-4356},
   url = {http://ac.els-cdn.com/S0895435600003632/1-s2.0-S0895435600003632-main.pdf?_tid=108170ce-6dc1-11e5-8a3e-00000aacb35f&acdnat=1444311347_f32307220b48c8d4a7d7674af6026a1b},
   year = {2001},
   type = {Journal Article}
}

@article{RN262,
   author = {Glasby, Jon},
   title = {The holy grail of health and social care integration},
   journal = {British Medical Journal},
   ISSN = {0959-8138},
   DOI = {10.1136/bmj.j801},
   url = {http://www.bmj.com/content/356/bmj.j801?hwoasp=authn%3A1488014287%3A4130222%3A1455071724%3A0%3A0%3AMot%2FocEKT3xDHIhVF9ZjiA%3D%3D},
   year = {2017},
   type = {Journal Article}
}

@book{RN370,
   author = {Glasby, Jon},
   title = {Understanding health and social care},
   publisher = {Policy Press},
   edition = {3rd edition},
   ISBN = {1447331214},
   year = {2017},
   type = {Book}
}

@techreport{RN361,
   author = {Glasby, Jon and Dickinson, Helen and Miller, Robin},
   title = {All in this together? Making best use of health and social care resources in an era of austerity},
   url = {http://epapers.bham.ac.uk/760/},
   year = {2011},
   type = {Report}
}

@article{RN26,
   author = {Glynn, Liam G and Valderas, Jose M and Healy, Pamela and Burke, Evelyn and Newell, John and Gillespie, Patrick and Murphy, Andrew W},
   title = {The prevalence of multimorbidity in primary care and its effect on health care utilization and cost},
   journal = {Family practice},
   volume = {28},
   number = {5},
   pages = {516-523},
   ISSN = {0263-2136},
   url = {http://fampra.oxfordjournals.org/content/28/5/516.full.pdf},
   year = {2011},
   type = {Journal Article}
}

@article{RN41,
   author = {Goddard, Maria and Smith, Peter},
   title = {Equity of access to health care services:: Theory and evidence from the UK},
   journal = {Social science & medicine},
   volume = {53},
   number = {9},
   pages = {1149-1162},
   ISSN = {0277-9536},
   url = {http://www.sciencedirect.com/science/article/pii/S0277953600004159},
   year = {2001},
   type = {Journal Article}
}

@article{RN216,
   author = {Godden, S. and Pollock, A. M.},
   title = {How to profile the population's use of health care and social care in one district},
   journal = {Journal of Public Health Medicine},
   volume = {20},
   number = {2},
   pages = {175-179},
   url = {http://ovidsp.ovid.com/ovidweb.cgi?T=JS&CSC=Y&NEWS=N&PAGE=fulltext&D=emed4&AN=1998222767
http://eleanor.lib.gla.ac.uk:4550/resserv?sid=OVID:embase&id=pmid:&id=doi:&issn=0957-4832&isbn=&volume=20&issue=2&spage=175&pages=175-179&date=1998&title=Journal+of+Public+Health+Medicine&atitle=How+to+profile+the+population%27s+use+of+health+care+and+social+care+in+one+district&aulast=Godden&pid=%3Cauthor%3EGodden+S.%3C%2Fauthor%3E%3CAN%3E1998222767%3C%2FAN%3E%3CDT%3EJournal%3A+Article%3C%2FDT%3E
http://jpubhealth.oxfordjournals.org/content/20/2/175.full.pdf},
   year = {1998},
   type = {Journal Article}
}

@article{RN51,
   author = {Goodridge, D. and Hawranik, P. and Duncan, V. and Turner, H.},
   title = {Socioeconomic disparities in home health care service access and utilization: A scoping review},
   journal = {International Journal of Nursing Studies},
   volume = {49},
   number = {10},
   pages = {1310-1319},
   ISSN = {0020-7489},
   DOI = {10.1016/j.ijnurstu.2012.01.002},
   url = {<Go to ISI>://WOS:000310412200012
http://ac.els-cdn.com/S002074891200003X/1-s2.0-S002074891200003X-main.pdf?_tid=13132e1a-6ce8-11e5-9aa3-00000aacb360&acdnat=1444218151_191e96338e1e6d84c06190cf4d199004},
   year = {2012},
   type = {Journal Article}
}

@techreport{RN316,
   author = {Goodwin, Nick; and Natasha;, Curry and Chris;, Naylor and Shilpa;, Ross and Wendy, Duldig},
   title = {“Managing people with long-term conditions”. In: An Inquiry into the Quality of General Practice in England.},
   url = {https://www.kingsfund.org.uk/projects/gp-inquiry},
   year = {2010},
   type = {Report}
}

@book{RN303,
   author = {Graham, Hilary},
   title = {Unequal lives: health and socioeconomic inequalities},
   publisher = {McGraw-Hill Education (UK)},
   ISBN = {0335233864},
   year = {2007},
   type = {Book}
}

@inbook{RN379,
   author = {Graham, Hilary},
   title = {The challenge of health inequalities},
   booktitle = {Understanding health inequalities},
   editor = {Graham, Hilary},
   publisher = {McGraw-Hill Education (UK)},
   ISBN = {0335234593},
   year = {2009},
   type = {Book Section}
}

@article{RN354,
   author = {Gray, Linsay and Batty, G David and Craig, Peter and Stewart, Catherine and Whyte, Bruce and Finlayson, Alan and Leyland, Alastair H},
   title = {Cohort profile: the Scottish health surveys cohort: linkage of study participants to routinely collected records for mortality, hospital discharge, cancer and offspring birth characteristics in three nationwide studies},
   journal = {International journal of epidemiology},
   volume = {39},
   number = {2},
   pages = {345-350},
   ISSN = {0300-5771},
   url = {https://academic.oup.com/ije/article/39/2/345/677637/Cohort-Profile-The-Scottish-Health-Surveys-Cohort},
   year = {2010},
   type = {Journal Article}
}

@article{RN246,
   author = {Gruneir, Andrea and Bronskill, Susan E and Maxwell, Colleen J and Bai, Yu Qing and Kone, Anna J and Thavorn, Kednapa and Petrosyan, Yelena and Calzavara, Andrew and Wodchis, Walter P},
   title = {The association between multimorbidity and hospitalization is modified by individual demographics and physician continuity of care: a retrospective cohort study},
   journal = {BMC health services research},
   volume = {16},
   number = {1},
   pages = {154},
   ISSN = {1472-6963},
   url = {https://bmchealthservres.biomedcentral.com/articles/10.1186/s12913-016-1415-5},
   year = {2016},
   type = {Journal Article}
}

@article{RN137,
   author = {Gulliford, Martin and Figueroa-Munoz, Jose and Morgan, Myfanwy and Hughes, David and Gibson, Barry and Beech, Roger and Hudson, Meryl},
   title = {What does' access to health care'mean?},
   journal = {Journal of health services research & policy},
   volume = {7},
   number = {3},
   pages = {186-188},
   ISSN = {1355-8196},
   url = {http://hsr.sagepub.com/content/7/3/186.full.pdf},
   year = {2002},
   type = {Journal Article}
}

@article{RN274,
   author = {Guthrie, Bruce and Makubate, Boikanyo and Hernandez-Santiago, Virginia and Dreischulte, Tobias},
   title = {The rising tide of polypharmacy and drug-drug interactions: population database analysis 1995–2010},
   journal = {BMC medicine},
   volume = {13},
   number = {1},
   pages = {74},
   ISSN = {1741-7015},
   url = {http://bmcmedicine.biomedcentral.com/articles/10.1186/s12916-015-0322-7#MOESM1},
   year = {2015},
   type = {Journal Article}
}

@inbook{RN155,
   author = {Guthrie, Bruce and Wyke, Sally and Gunn, Jane and van den Akker, Jan and Mercer, SW},
   title = {Multimorbidity: the impact on health systems and their development},
   booktitle = {Health Reform: Meeting the Challenge of Ageing and Multiple Morbidities},
   editor = {OECD},
   publisher = {OECD Publishing},
   ISBN = {9264122303},
   url = {http://dx.doi.org/10.1787/9789264122314-9-en},
   year = {2011},
   type = {Book Section}
}

@techreport{RN323,
   author = {Ham, Christopher and Dixon, A and Brooke, B},
   title = {Transforming the delivery of health and social care: the case for fundamental change},
   url = {https://www.kingsfund.org.uk/sites/files/kf/field/field_publication_file/transforming-the-delivery-of-health-and-social-care-the-kings-fund-sep-2012.pdf},
   year = {2012},
   type = {Report}
}

@article{RN298,
   author = {Hand, David J and Yu, Keming},
   title = {Idiot's Bayes—not so stupid after all?},
   journal = {International statistical review},
   volume = {69},
   number = {3},
   pages = {385-398},
   ISSN = {1751-5823},
   url = {http://onlinelibrary.wiley.com/doi/10.1111/j.1751-5823.2001.tb00465.x/full},
   year = {2001},
   type = {Journal Article}
}

@article{RN4,
   author = {Harris, R. and Sims, S. and Parr, J. and Davies, N.},
   title = {Impact of 12h shift patterns in nursing: a scoping review},
   journal = {Int J Nurs Stud},
   volume = {52},
   number = {2},
   pages = {605-34},
   ISSN = {1873-491X (Electronic)
0020-7489 (Linking)},
   DOI = {10.1016/j.ijnurstu.2014.10.014},
   url = {http://www.ncbi.nlm.nih.gov/pubmed/25468281
http://www.journalofnursingstudies.com/article/S0020-7489(14)00272-7/abstract},
   year = {2015},
   type = {Journal Article}
}

@techreport{RN279,
   author = {Harron, K.},
   title = {An Introduction to Data Linkage},
   institution = {University of Essex},
   year = {2016},
   type = {Report}
}

@article{RN387,
   author = {Hart, Carole L and Gruer, Laurence and Watt, Graham CM},
   title = {Cause specific mortality, social position, and obesity among women who had never smoked: 28 year cohort study},
   journal = {Bmj},
   volume = {342},
   pages = {d3785},
   ISSN = {0959-8138},
   url = {http://www.bmj.com/content/342/bmj.d3785},
   year = {2011},
   type = {Journal Article}
}

@article{RN116,
   author = {Hastings, Annette and Bailey, Nick and Bramley, Glen and Croudace, Robert and Watkins, David},
   title = {‘Managing’the Middle Classes: Urban Managers, Public Services and the Response to Middle-Class Capture},
   journal = {Local Government Studies},
   volume = {40},
   number = {2},
   pages = {203-223},
   ISSN = {0300-3930},
   year = {2014},
   type = {Journal Article}
}

@article{RN117,
   author = {Hastings, Annette and Bailey, Nick and Bramley, Glen and Gannon, Maria and Watkins, David},
   title = {The Cost of the Cuts: The Impact on Local Government and Poorer Communities},
   journal = {Joseph Rowntree Foundation: York, UK},
   year = {2015},
   type = {Journal Article}
}

@article{RN193,
   author = {Haughton, Dominique and Legrand, Pascal and Woolford, Sam},
   title = {Review of three latent class cluster analysis packages: Latent Gold, poLCA, and MCLUST},
   journal = {The American Statistician},
   year = {2012},
   type = {Journal Article}
}

@article{RN7,
   author = {Havill, N. L. and Leeman, J. and Shaw-Kokot, J. and Knafl, K. and Crandell, J. and Sandelowski, M.},
   title = {Managing large-volume literature searches in research synthesis studies},
   journal = {Nursing Outlook},
   volume = {62},
   number = {2},
   pages = {112-118},
   ISSN = {0029-6554},
   DOI = {10.1016/j.outlook.2013.11.002},
   url = {<Go to ISI>://WOS:000333571500008
http://www.ncbi.nlm.nih.gov/pmc/articles/PMC3959590/pdf/nihms550450.pdf},
   year = {2014},
   type = {Journal Article}
}

@article{RN258,
   author = {Hiam, Lucinda and Dorling, Danny and Harrison, Dominic and McKee, Martin},
   title = {What caused the spike in mortality in England and Wales in January 2015?},
   journal = {Journal of the Royal Society of Medicine},
   pages = {0141076817693600},
   ISSN = {0141-0768},
   url = {http://journals.sagepub.com/doi/full/10.1177/0141076817693600},
   year = {2017},
   type = {Journal Article}
}

@article{RN259,
   author = {Hiam, Lucinda and Dorling, Danny and Harrison, Dominic and McKee, Martin},
   title = {Why has mortality in England and Wales been increasing? An iterative demographic analysis},
   journal = {Journal of the Royal Society of Medicine},
   pages = {0141076817693599},
   ISSN = {0141-0768},
   url = {http://journals.sagepub.com/doi/full/10.1177/0141076817693599},
   year = {2017},
   type = {Journal Article}
}

@article{RN208,
   author = {Hildebrandt, Helmut and Schulte, Timo and Stunder, Brigitte},
   title = {Triple Aim in Kinzigtal, Germany: Improving population health, integrating health care and reducing costs of care -- lessons for the UK?},
   journal = {Journal of Integrated Care},
   volume = {20},
   number = {4},
   pages = {205-222},
   ISSN = {1476-9018},
   url = {http://search.ebscohost.com/login.aspx?direct=true&db=cin20&AN=104420508&site=ehost-live},
   year = {2012},
   type = {Journal Article}
}

@techreport{RN149,
   author = {HM-Government},
   title = {The Health and Social Care Act},
   url = {http://www.legislation.gov.uk/ukpga/2012/7/contents/enacted},
   year = {2012},
   type = {Report}
}

@techreport{RN176,
   author = {HM-Government},
   title = {The Care Act},
   url = {http://www.legislation.gov.uk/ukpga/2014/23/contents/enacted/data.htm},
   year = {2014},
   type = {Report}
}

@article{RN188,
   author = {Holden, Libby and Scuffham, Paul A and Hilton, Michael F and Muspratt, Alexander and Ng, Shu-Kay and Whiteford, Harvey A},
   title = {Patterns of multimorbidity in working Australians},
   journal = {Popul Health Metr},
   volume = {9},
   number = {1},
   pages = {15},
   url = {http://www.ncbi.nlm.nih.gov/pmc/articles/PMC3123553/pdf/1478-7954-9-15.pdf},
   year = {2011},
   type = {Journal Article}
}

@article{RN227,
   author = {Hopman, Petra and Heins, Marianne J and Rijken, Mieke and Schellevis, François G},
   title = {Health care utilization of patients with multiple chronic diseases in The Netherlands: Differences and underlying factors},
   journal = {European journal of internal medicine},
   volume = {26},
   number = {3},
   pages = {190-196},
   ISSN = {0953-6205},
   url = {http://www.ejinme.com/article/S0953-6205(15)00041-2/abstract?cc=y=},
   year = {2015},
   type = {Journal Article}
}

@article{RN269,
   author = {Hopman, Petra and Heins, Marianne J and Rijken, Mieke and Schellevis, François G},
   title = {Health care utilization of patients with multiple chronic diseases in The Netherlands: Differences and underlying factors},
   journal = {European journal of internal medicine},
   volume = {26},
   number = {3},
   pages = {190-196},
   ISSN = {0953-6205},
   url = {http://www.sciencedirect.com/science/article/pii/S0953620515000412},
   year = {2015},
   type = {Journal Article}
}

@techreport{RN287,
   author = {House-of-Commons},
   title = {Adult Social Care},
   url = {https://www.publications.parliament.uk/pa/cm201617/cmselect/cmcomloc/1103/1103.pdf },
   year = {2017},
   type = {Report}
}

@article{RN75,
   author = {Hsu, Hui-Chuan},
   title = {Trajectories of multimorbidity and impacts on successful aging},
   journal = {Experimental gerontology},
   volume = {66},
   pages = {32-38},
   ISSN = {0531-5565},
   url = {http://ac.els-cdn.com/S0531556515001151/1-s2.0-S0531556515001151-main.pdf?_tid=f033020e-6ce1-11e5-9c26-00000aab0f26&acdnat=1444215515_2c724c33cd5502a05812fc2894cdf7ff},
   year = {2015},
   type = {Journal Article}
}

@article{RN255,
   author = {Hu, Xiaolan and Huang, Juan and Lv, Yaqi and Li, Guangxi and Peng, Xiaoxia},
   title = {Status of prevalence study on multimorbidity of chronic disease in China: systematic review},
   journal = {Geriatrics & gerontology international},
   volume = {15},
   number = {1},
   pages = {1-10},
   ISSN = {1447-0594},
   url = {http://onlinelibrary.wiley.com/doi/10.1111/ggi.12340/full},
   year = {2015},
   type = {Journal Article}
}

@article{RN86,
   author = {Hueter, Irene},
   title = {The real odds: is success predicted by the 5 per cent chance failure rule in statistics?},
   journal = {Journal of Advanced Nursing},
   pages = {n/a-n/a},
   ISSN = {1365-2648},
   DOI = {10.1111/jan.12820},
   url = {http://dx.doi.org/10.1111/jan.12820},
   year = {2015},
   type = {Journal Article}
}

@techreport{RN250,
   author = {Humphries, R.; and Thorlby, R.; and Holder, H.; and Hall, P.; and Charles, A.},
   title = {Social Care for Older People: Home Truths.},
   url = {https://www.kingsfund.org.uk/sites/files/kf/field/field_publication_file/Social_care_older_people_Kings_Fund_Sep_2016.pdf},
   year = {2016},
   type = {Report}
}

@article{RN29,
   author = {Huntley, Alyson L and Johnson, Rachel and Purdy, Sarah and Valderas, Jose M and Salisbury, Chris},
   title = {Measures of multimorbidity and morbidity burden for use in primary care and community settings: a systematic review and guide},
   journal = {The Annals of Family Medicine},
   volume = {10},
   number = {2},
   pages = {134-141},
   ISSN = {1544-1709},
   url = {http://www.ncbi.nlm.nih.gov/pmc/articles/PMC3315139/pdf/0100134.pdf
http://www.annfammed.org/content/10/2/134.full.pdf},
   year = {2012},
   type = {Journal Article}
}

@article{RN145,
   author = {Hutchison, Kevin},
   title = {An exploration of the integration of health and social care within Scotland: Senior stakeholders’ views of the key enablers and barriers},
   journal = {Journal of Integrated Care},
   volume = {23},
   number = {3},
   pages = {129-142},
   DOI = {doi:10.1108/JICA-11-2014-0042},
   url = {http://www.emeraldinsight.com/doi/abs/10.1108/JICA-11-2014-0042},
   year = {2015},
   type = {Journal Article}
}

@article{RN153,
   author = {Huxley, P. and Evans, S. and Maegusku-Hewitt, T.},
   title = {'Social care', the 'care ethic' and 'carework': new definitions - new directions?},
   journal = {Research Policy and Planning},
   volume = {25},
   number = {1},
   pages = {3-11},
   year = {2007},
   type = {Journal Article}
}

@techreport{RN288,
   author = {Imison, C.},
   title = {Future Trends: Overview},
   url = {https://www.kingsfund.org.uk/sites/files/kf/field/field_publication_summary/future-trends-overview.pdf},
   year = {2012},
   type = {Report}
}

@misc{RN156,
   volume = {2016},
   number = {14/12/2015},
   url = {http://www.isdscotland.org/Health-Topics/Health-and-Social-Community-Care/Dependency-Relative-Needs/In-the-Community/SSA-IoRN-Form-2006.pdf},
   year = {2005},
   type = {Web Page}
}

@techreport{RN35,
   author = {ISD},
   title = {Measuring Long-term Conditions in Scotland},
   institution = {NHS National Services Scotland},
   month = {June 2008},
   url = {https://isdscotland.scot.nhs.uk/Health-Topics/Hospital-Care/Diagnoses/2008_08_14_LTC_full_report.pdf},
   year = {2008},
   type = {Report}
}

@techreport{RN324,
   author = {ISD},
   title = {Information Services Division},
   url = {http://www.isdscotland.org/},
   year = {2010},
   type = {Report}
}

@misc{RN237,
   number = {08.11.2016},
   url = {http://www.isdscotland.org/Health-Topics/Hospital-Care/Publications/data-tables.asp},
   year = {2015},
   type = {Web Page}
}

@article{RN109,
   author = {Islam, M Mofizul and Valderas, Jose M and Yen, Laurann and Dawda, Paresh and Jowsey, Tanisha and McRae, Ian S},
   title = {Multimorbidity and comorbidity of chronic diseases among the senior Australians: prevalence and patterns},
   journal = {PloS one},
   volume = {9},
   number = {1},
   pages = {e83783},
   ISSN = {1932-6203},
   url = {http://www.plosone.org/article/fetchObject.action?uri=info:doi/10.1371/journal.pone.0083783&representation=PDF},
   year = {2014},
   type = {Journal Article}
}

@article{RN294,
   author = {Jardine, Nicholas and Sibson, Robin},
   title = {The construction of hierarchic and non-hierarchic classifications},
   journal = {The Computer Journal},
   volume = {11},
   number = {2},
   pages = {177-184},
   ISSN = {0010-4620},
   url = {http://biocomparison.ucoz.ru/_ld/0/60_jardine_constru.pdf},
   year = {1968},
   type = {Journal Article}
}

@article{RN40,
   author = {Kadam, UT and Croft, PR},
   title = {Clinical multimorbidity and physical function in older adults: a record and health status linkage study in general practice},
   journal = {Family practice},
   volume = {24},
   number = {5},
   pages = {412-419},
   ISSN = {0263-2136},
   url = {http://fampra.oxfordjournals.org/content/24/5/412.full.pdf},
   year = {2007},
   type = {Journal Article}
}

@article{RN366,
   author = {Kaehne, Axel and Kaehne, Axel and Birrell, Derek and Birrell, Derek and Miller, Robin and Miller, Robin and Petch, Alison and Petch, Alison},
   title = {Bringing integration home: policy on health and social care integration in the four nations of the UK},
   journal = {Journal of Integrated Care},
   volume = {25},
   number = {2},
   pages = {84-98},
   ISSN = {1476-9018},
   url = {http://www.emeraldinsight.com/toc/jica/25/2},
   year = {2017},
   type = {Journal Article}
}

@article{RN391,
   author = {Katikireddi, Srinivasa Vittal and Higgins, Martin and Smith, Katherine Elizabeth and Williams, Gareth},
   title = {Health inequalities: the need to move beyond bad behaviours},
   journal = {Journal of Epidemiology and Community Health},
   ISSN = {0143-005X},
   url = {http://jech.bmj.com/content/early/2013/03/12/jech-2012-202064.short},
   year = {2013},
   type = {Journal Article}
}

@article{RN199,
   author = {Kendig, Hal and Mealing, Nicole and Carr, Rachel and Lujic, Sanja and Byles, Julie and Jorm, Louisa},
   title = {Assessing patterns of home and community care service use and client profiles in Australia: A cluster analysis approach using linked data},
   journal = {Health & Social Care in the Community},
   volume = {20},
   number = {4},
   pages = {375-387},
   ISSN = {0966-0410
1365-2524},
   DOI = {10.1111/j.1365-2524.2011.01040.x},
   url = {http://search.ebscohost.com/login.aspx?direct=true&db=psyh&AN=2012-16560-005&site=ehost-live
hal.kendig@sydney.edu.au
http://onlinelibrary.wiley.com/store/10.1111/j.1365-2524.2011.01040.x/asset/j.1365-2524.2011.01040.x.pdf?v=1&t=iroxb86o&s=59a0843a650192e2fef8ad302decb561233d9799},
   year = {2012},
   type = {Journal Article}
}

@article{RN203,
   author = {Keskimäki, Ilmo},
   title = {How did Finland's economic recession in the early 1990s affect socio-economic equity in the use of hospital care?},
   journal = {Social Science & Medicine},
   volume = {56},
   number = {7},
   pages = {1517},
   ISSN = {02779536},
   DOI = {10.1016/S0277-9536(02)00153-3},
   url = {http://search.ebscohost.com/login.aspx?direct=true&db=sih&AN=9164515&site=ehost-live
http://ac.els-cdn.com/S0277953602001533/1-s2.0-S0277953602001533-main.pdf?_tid=29996412-5efd-11e6-aa08-00000aab0f6c&acdnat=1470835389_56dec0c17365b1e5f54563b0ae3f1460},
   year = {2003},
   type = {Journal Article}
}

@techreport{RN179,
   author = {King, Derek and Wittenberg, Raphael},
   title = {Data on Adult Social Care},
   institution = {NHS National Institute for Health Research. School for Social Care Research},
   url = {http://sscr.nihr.ac.uk/PDF/ScopingReviews/SR12.pdf},
   year = {2015},
   type = {Report}
}

@article{RN309,
   author = {Krieger, Nancy and Rehkopf, David H and Chen, Jarvis T and Waterman, Pamela D and Marcelli, Enrico and Kennedy, Malinda},
   title = {The fall and rise of US inequities in premature mortality: 1960–2002},
   journal = {PLoS Med},
   volume = {5},
   number = {2},
   pages = {e46},
   ISSN = {1549-1676},
   url = {http://journals.plos.org/plosmedicine/article?id=10.1371/journal.pmed.0050046},
   year = {2008},
   type = {Journal Article}
}

@article{RN47,
   author = {Langheim, F. J. P.},
   title = {Poor Access to Health Care as a Social Determinant of Mental Health},
   journal = {Psychiatric Annals},
   volume = {44},
   number = {1},
   pages = {52-57},
   ISSN = {0048-5713},
   DOI = {10.3928/00485713-20140108-09},
   url = {<Go to ISI>://WOS:000331932200009
http://www.healio.com/psychiatry/journals/psycann/2014-1-44-1/{f63d5a9b-a6f8-45c4-9ed8-c33489773222}/poor-access-to-health-care-as-a-social-determinant-of-mental-health},
   year = {2014},
   type = {Journal Article}
}

@article{RN365,
   author = {Larsen, Finn Breinholt and Pedersen, Marie Hauge and Friis, Karina and Glümer, Charlotte and Lasgaard, Mathias},
   title = {A Latent Class Analysis of Multimorbidity and the Relationship to Socio-Demographic Factors and Health-Related Quality of Life. A National Population-Based Study of 162,283 Danish Adults},
   journal = {PloS one},
   volume = {12},
   number = {1},
   pages = {e0169426},
   ISSN = {1932-6203},
   url = {http://journals.plos.org/plosone/article?id=10.1371/journal.pone.0169426},
   year = {2017},
   type = {Journal Article}
}

@article{RN57,
   author = {Lawson, Kenny D and Mercer, Stewart W and Wyke, Sally and Grieve, Eleanor and Guthrie, Bruce and Watt, GC and Fenwick, EA},
   title = {Double trouble: the impact of multimorbidity and deprivation on preference-weighted health related quality of life a cross sectional analysis of the Scottish Health Survey},
   journal = {Int J Equity Health},
   volume = {12},
   number = {1},
   pages = {67},
   year = {2013},
   type = {Journal Article}
}

@book{RN175,
   author = {Le Grand, Julian},
   title = {The strategy of equality},
   publisher = {Allen and Unwin},
   address = {London},
   ISBN = {0043360750},
   year = {1989},
   type = {Book}
}

@article{RN44,
   author = {Le Mesurier, Nick and Cumella, Stuart},
   title = {The rough road and the smooth road: Comparing access to social care for older people via area teams and GP surgeries},
   journal = {Managing in Community Care},
   volume = {9},
   number = {1},
   pages = {7-13},
   ISSN = {1476-9018},
   year = {2001},
   type = {Journal Article}
}

@article{RN96,
   author = {Le Reste, J. and Nabbe, P. and Lingner, H. and Lazic, D. K. and Assenova, R. and Munoz, M. and Sowinska, A. and Lygidakis, C. and Doerr, C. and Czachowski, S. and Argyriadou, S. and Valderas, J. and Le Floch, B. and Deriennic, J. and Jan, T. and Melot, E. and Barraine, P. and Odorico, M. and Lietard, C. and Van Royen, P. and Van Marwijk, H.},
   title = {What research agenda could be generated from the European General Practice Research Network concept of Multimorbidity in Family Practice?},
   journal = {Bmc Family Practice},
   volume = {16},
   DOI = {10.1186/s12875-015-0337-3},
   url = {http://www.biomedcentral.com/content/pdf/s12875-015-0337-3.pdf},
   year = {2015},
   type = {Journal Article}
}

@article{RN77,
   author = {Le Reste, Jean Yves and Nabbe, Patrice and Manceau, Benedicte and Lygidakis, Charilaos and Doerr, Christa and Lingner, Heidrun and Czachowski, Slawomir and Munoz, Miguel and Argyriadou, Stella and Claveria, Ana},
   title = {The European General Practice Research Network presents a comprehensive definition of multimorbidity in family medicine and long term care, following a systematic review of relevant literature},
   journal = {Journal of the American Medical Directors Association},
   volume = {14},
   number = {5},
   pages = {319-325},
   ISSN = {1525-8610},
   url = {http://www.sciencedirect.com/science/article/pii/S1525861013000029},
   year = {2013},
   type = {Journal Article}
}

@article{RN192,
   author = {Lee, Christopher S and Chien, Christopher V and Bidwell, Julie T and Gelow, Jill M and Denfeld, Quin E and Creber, Ruth Masterson and Buck, Harleah G and Mudd, James O},
   title = {Comorbidity profiles and inpatient outcomes during hospitalization for heart failure: an analysis of the US Nationwide inpatient sample},
   journal = {BMC cardiovascular disorders},
   volume = {14},
   number = {1},
   pages = {1},
   ISSN = {1471-2261},
   year = {2014},
   type = {Journal Article}
}

@article{RN95,
   author = {Lefevre, T. and d'Ivernois, J. F. and De Andrade, V. and Crozet, C. and Lombrail, P. and Gagnayre, R.},
   title = {What do we mean by multimorbidity? An analysis of the literature on multimorbidity measures, associated factors, and impact on health services organization},
   journal = {Revue D Epidemiologie Et De Sante Publique},
   volume = {62},
   number = {5},
   pages = {305-314},
   DOI = {10.1016/j.respe.2014.09.002},
   url = {http://ac.els-cdn.com/S0398762014006816/1-s2.0-S0398762014006816-main.pdf?_tid=2c292592-6ecf-11e5-9c03-00000aab0f6b&acdnat=1444427358_5b2e8eb9c02f2cf4d459dca7df76c8bf},
   year = {2014},
   type = {Journal Article}
}

@article{RN24,
   author = {Lehnert, Thomas and Heider, Dirk and Leicht, Hanna and Heinrich, Sven and Corrieri, Sandro and Luppa, Melanie and Riedel-Heller, Steffi and König, Hans-Helmut},
   title = {Review: health care utilization and costs of elderly persons with multiple chronic conditions},
   journal = {Medical Care Research and Review},
   volume = {68},
   number = {4},
   pages = {387-420},
   ISSN = {1077-5587},
   url = {http://mcr.sagepub.com/content/68/4/387.full.pdf},
   year = {2011},
   type = {Journal Article}
}

@article{RN1,
   author = {Levac, D. and Colquhoun, H. and O'Brien, K. K.},
   title = {Scoping studies: advancing the methodology},
   journal = {Implement Sci},
   volume = {5},
   pages = {69},
   ISSN = {1748-5908 (Electronic)
1748-5908 (Linking)},
   DOI = {10.1186/1748-5908-5-69},
   url = {http://www.ncbi.nlm.nih.gov/pubmed/20854677
http://www.ncbi.nlm.nih.gov/pmc/articles/PMC2954944/pdf/1748-5908-5-69.pdf},
   year = {2010},
   type = {Journal Article}
}

@article{RN50,
   author = {Levesque, J. F. and Harris, M. F. and Russell, G.},
   title = {Patient-centred access to health care: conceptualising access at the interface of health systems and populations},
   journal = {International Journal for Equity in Health},
   volume = {12},
   ISSN = {1475-9276},
   DOI = {10.1186/1475-9276-12-18},
   url = {<Go to ISI>://WOS:000316738900001
http://www.equityhealthj.com/content/pdf/1475-9276-12-18.pdf},
   year = {2013},
   type = {Journal Article}
}

@book{RN174,
   author = {Lipsky, Michael},
   title = {Street level bureaucracy},
   publisher = {New York: Russell Sage Foundation},
   volume = {198},
   year = {1979},
   type = {Book}
}

@techreport{RN172,
   author = {Lord-Sutherland},
   title = {Independent review of free personal and nursing care.},
   url = {http://www.gov.scot/Publications/2008/04/25105036/0},
   year = {2008},
   type = {Report}
}

@article{RN388,
   author = {Lynch, John W and Kaplan, George A and Salonen, Jukka T},
   title = {Why do poor people behave poorly? Variation in adult health behaviours and psychosocial characteristics by stages of the socioeconomic lifecourse},
   journal = {Social science and medicine},
   volume = {44},
   number = {6},
   pages = {809-819},
   ISSN = {0277-9536},
   url = {http://www.sciencedirect.com/science/article/pii/S0277953696001918?via%3Dihub},
   year = {1997},
   type = {Journal Article}
}

@article{RN336,
   author = {Lynch, John W and Smith, George Davey and Kaplan, George A and House, James S},
   title = {Income inequality and mortality: importance to health of individual income, psychosocial environment, or material conditions},
   journal = {BMJ: British Medical Journal},
   volume = {320},
   number = {7243},
   pages = {1200},
   ISSN = {0959-8138},
   url = {http://www.bmj.com.ezproxy.lib.gla.ac.uk/content/320/7243/1200},
   year = {2000},
   type = {Journal Article}
}

@article{RN217,
   author = {Lyons, Ronan A and Ford, David V and Moore, Laurence and Rodgers, Sarah E},
   title = {Use of data linkage to measure the population health effect of non-health-care interventions},
   journal = {The Lancet},
   volume = {383},
   number = {9927},
   pages = {1517-1519},
   ISSN = {0140-6736},
   year = {2014},
   type = {Journal Article}
}

@article{RN277,
   author = {Macintyre, Sally},
   title = {The black report and beyond what are the issues?},
   journal = {Social science and medicine},
   volume = {44},
   number = {6},
   pages = {723-745},
   ISSN = {0277-9536},
   url = {http://ac.els-cdn.com/S0277953696001839/1-s2.0-S0277953696001839-main.pdf?_tid=aea008c0-0fb8-11e7-bfeb-00000aacb361&acdnat=1490267333_5da96aa30db817930caf1e5222f0f3d9},
   year = {1997},
   type = {Journal Article}
}

@article{RN122,
   author = {Mackay, Daniel and Sutton, Matt and Watt, Graham},
   title = {Deprivation and volunteering by general practices: cross sectional analysis of a national primary care system},
   journal = {BMJ},
   volume = {331},
   number = {7530},
   pages = {1449-1451},
   ISSN = {0959-8138},
   url = {http://www.ncbi.nlm.nih.gov/pmc/articles/PMC1315652/pdf/bmj33101449.pdf},
   year = {2005},
   type = {Journal Article}
}

@article{RN331,
   author = {Mackenbach, Johan P},
   title = {Has the English strategy to reduce health inequalities failed?},
   journal = {Social science and medicine},
   volume = {71},
   number = {7},
   pages = {1249-1253},
   ISSN = {0277-9536},
   url = {http://www.nusap.net/spe/mackenbach_strategy%20failure_ssm%202010.pdf},
   year = {2010},
   type = {Journal Article}
}

@article{RN83,
   author = {Mackenbach, Johan P},
   title = {The persistence of health inequalities in modern welfare states: the explanation of a paradox},
   journal = {Social science and medicine},
   volume = {75},
   number = {4},
   pages = {761-769},
   ISSN = {0277-9536},
   year = {2012},
   type = {Journal Article}
}

@article{RN385,
   author = {Mackenbach, Johan P and Stirbu, Irina and Roskam, Albert-Jan R and Schaap, Maartje M and Menvielle, Gwenn and Leinsalu, Mall and Kunst, Anton E},
   title = {Socioeconomic inequalities in health in 22 European countries},
   journal = {New England Journal of Medicine},
   volume = {358},
   number = {23},
   pages = {2468-2481},
   ISSN = {0028-4793},
   url = {http://www.nejm.org/doi/full/10.1056/NEJMsa0707519#t=article},
   year = {2008},
   type = {Journal Article}
}

@article{RN84,
   author = {Mackenzie, Mhairi and Conway, Ellie and Hastings, Annette and Munro, Moira and O'Donnell, Catherine},
   title = {Is ‘candidacy’a useful concept for understanding journeys through public services? A critical interpretive literature synthesis},
   journal = {Social Policy & Administration},
   volume = {47},
   number = {7},
   pages = {806-825},
   ISSN = {1467-9515},
   year = {2013},
   type = {Journal Article}
}

@article{RN248,
   author = {Mackenzie, Mhairi and Hastings, Annette and Babbel, Breannon and Simpson, Sarah and Watt, Graham},
   title = {Tackling and Mitigating Health Inequalities–Policymakers and Practitioners ‘Talk and Draw’their Theories},
   journal = {Social Policy & Administration},
   ISSN = {1467-9515},
   url = {http://onlinelibrary.wiley.com/doi/10.1111/spol.12154/full},
   year = {2015},
   type = {Journal Article}
}

@techreport{RN147,
   author = {Macleod, B. and Mair, M.},
   title = {Home delivery: a profile of the care at home sector in Scotland 2015},
   institution = {Scottish Care},
   url = {http://www.scottishcare.org/docs/037_280__schomedeliveryreport2015_1433756203.pdf},
   year = {2015},
   type = {Report}
}

@article{RN195,
   author = {Magidson, Jay and Vermunt, Jeroen K},
   title = {Latent class models},
   journal = {The Sage handbook of quantitative methodology for the social sciences},
   pages = {175-198},
   year = {2004},
   type = {Journal Article}
}

@article{RN360,
   author = {Mair, FS and Gallacher, KI},
   title = {Multimorbidity: what next?},
   journal = {The British journal of general practice: the journal of the Royal College of General Practitioners},
   volume = {67},
   number = {659},
   pages = {248},
   ISSN = {1478-5242},
   url = {http://bjgp.org/content/67/659/248/tab-pdf},
   year = {2017},
   type = {Journal Article}
}

@article{RN31,
   author = {Marengoni, Alessandra and Angleman, Sara and Melis, René and Mangialasche, Francesca and Karp, Anita and Garmen, Annika and Meinow, Bettina and Fratiglioni, Laura},
   title = {Aging with multimorbidity: a systematic review of the literature},
   journal = {Ageing research reviews},
   volume = {10},
   number = {4},
   pages = {430-439},
   ISSN = {1568-1637},
   url = {http://ac.els-cdn.com/S1568163711000249/1-s2.0-S1568163711000249-main.pdf?_tid=229ff4b2-65e5-11e5-91c1-00000aab0f02&acdnat=1443447230_e0ed43a6740c2eaed9ed7fc6f34cc679},
   year = {2011},
   type = {Journal Article}
}

@article{RN335,
   author = {Marmot, Michael},
   title = {The status syndrome: how your social standing affects your health and life expectancy},
   journal = {Bloomsbury, London},
   year = {2004},
   type = {Journal Article}
}

@article{RN62,
   author = {Marmot, Michael},
   title = {Social determinants of health inequalities},
   journal = {The Lancet},
   volume = {365},
   number = {9464},
   pages = {1099-1104},
   ISSN = {0140-6736},
   url = {http://ac.els-cdn.com/S0140673605711466/1-s2.0-S0140673605711466-main.pdf?_tid=694917fe-68f6-11e5-8d75-00000aab0f6b&acdnat=1443784504_d47905b175b27ae2f42adf067d728b22},
   year = {2005},
   type = {Journal Article}
}

@article{RN306,
   author = {Marmot, Michael},
   title = {Social determinants of health inequalities},
   journal = {The Lancet},
   volume = {365},
   number = {9464},
   pages = {1099-1104},
   ISSN = {0140-6736},
   url = {http://www.sciencedirect.com/science/article/pii/S0140673605711466},
   year = {2005},
   type = {Journal Article}
}

@book{RN380,
   author = {Marmot, Michael},
   title = {The health gap: the challenge of an unequal world},
   publisher = {Bloomsbury Publishing},
   address = {London},
   ISBN = {1408857995},
   year = {2015},
   type = {Book}
}

@article{RN304,
   author = {Marmot, Michael and Bell, Ruth},
   title = {Fair society, healthy lives},
   journal = {Public health},
   volume = {126},
   pages = {S4-S10},
   ISSN = {0033-3506},
   url = {http://www.sciencedirect.com/science/article/pii/S0033350612001862},
   year = {2012},
   type = {Journal Article}
}

@article{RN305,
   author = {Marmot, Michael and Friel, Sharon and Bell, Ruth and Houweling, Tanja AJ and Taylor, Sebastian and Health, Commission on Social Determinants of},
   title = {Closing the gap in a generation: health equity through action on the social determinants of health},
   journal = {The Lancet},
   volume = {372},
   number = {9650},
   pages = {1661-1669},
   ISSN = {0140-6736},
   url = {http://www.sciencedirect.com/science/article/pii/S0140673608616906},
   year = {2008},
   type = {Journal Article}
}

@techreport{RN312,
   author = {Marmot, Michael G and Allen, Jessica and Goldblatt, Peter and Boyce, Tammy and McNeish, Di and Grady, Mike and Geddes, Ilaria},
   title = {Fair society, healthy lives: Strategic review of health inequalities in England post-2010},
   url = {http://www.instituteofhealthequity.org/projects/fair-society-healthy-lives-the-marmot-review},
   year = {2010},
   type = {Report}
}

@book{RN383,
   author = {Marx, Karl},
   title = {Capital: a critique of political economy, Volume 1},
   publisher = {Penguin (originally published 1867)},
   year = {2004},
   type = {Book}
}

@article{RN118,
   author = {Matthews, Peter and Hastings, Annette},
   title = {Middle‐Class Political Activism and Middle‐Class Advantage in Relation to Public Services: A Realist Synthesis of the Evidence Base},
   journal = {Social Policy and Administration},
   volume = {47},
   number = {1},
   pages = {72-92},
   ISSN = {1467-9515},
   year = {2013},
   type = {Journal Article}
}

@article{RN289,
   author = {May, Carl and Montori, Victor M and Mair, Frances S},
   title = {We need minimally disruptive medicine},
   journal = {BMJ: British Medical Journal (Online)},
   volume = {339},
   ISSN = {1756-1833},
   url = {http://search.proquest.com/openview/548fdf667b7583537cd7c76e7f48cb8a/1?pq-origsite=gscholar&cbl=2043523},
   year = {2009},
   type = {Journal Article}
}

@article{RN352,
   author = {Mazzali, Cristina and Duca, Piergiorgio},
   title = {Use of administrative data in healthcare research},
   journal = {Internal and emergency medicine},
   volume = {10},
   number = {4},
   pages = {517-524},
   ISSN = {1828-0447},
   url = {https://link.springer.com/article/10.1007/s11739-015-1213-9},
   year = {2015},
   type = {Journal Article}
}

@article{RN82,
   author = {McCartney, Gerry and Collins, Chik and Mackenzie, Mhairi},
   title = {What (or who) causes health inequalities: Theories, evidence and implications?},
   journal = {Health Policy},
   volume = {113},
   number = {3},
   pages = {221-227},
   ISSN = {0168-8510},
   DOI = {http://dx.doi.org/10.1016/j.healthpol.2013.05.021},
   url = {http://www.sciencedirect.com/science/article/pii/S0168851013001590},
   year = {2013},
   type = {Journal Article}
}

@article{RN332,
   author = {McCartney, G and Collins, C and Walsh, D and Batty, GD},
   title = {Why the Scots die younger: synthesizing the evidence},
   journal = {Public health},
   volume = {126},
   number = {6},
   pages = {459-470},
   ISSN = {0033-3506},
   url = {http://s3.amazonaws.com/academia.edu.documents/33168083/Why_the_Scots_Die_Younger.pdf?AWSAccessKeyId=AKIAIWOWYYGZ2Y53UL3A&Expires=1494171924&Signature=xAiGyFCowrsD9p6iVfPEDTx3J%2F8%3D&response-content-disposition=inline%3B%20filename%3DWhy_the_Scots_Die_Younger_Synthesizing_t.pdf},
   year = {2012},
   type = {Journal Article}
}

@article{RN278,
   author = {McCowan, C and Shearer, J and Donnan, PT and Dewar, JA and Crilly, M and Thompson, AM and Fahey, TP},
   title = {Cohort study examining tamoxifen adherence and its relationship to mortality in women with breast cancer},
   journal = {British Journal of Cancer},
   volume = {99},
   number = {11},
   pages = {1763-1768},
   ISSN = {0007-0920},
   url = {http://www.nature.com/bjc/journal/v99/n11/abs/6604758a.html},
   year = {2008},
   type = {Journal Article}
}

@book{RN158,
   author = {McDaid, D. and Sassi, F. and Merkur, S.},
   title = {Promoting Health, Preventing Disease: The Economic Case},
   publisher = {World Health Organisation},
   address = {Berkshire and New York},
   url = {http://www.euro.who.int/__data/assets/pdf_file/0006/283695/Promoting-Health-Preventing-Disease-Economic-Case.pdf?ua=1},
   year = {2015},
   type = {Edited Book}
}

@book{RN371,
   author = {McDonald, Ann},
   title = {Understanding community care: a guide for social workers},
   publisher = {Palgrave Macmillan},
   address = {Basingstoke},
   edition = {2nd},
   ISBN = {1137055707},
   year = {2006},
   type = {Book}
}

@article{RN215,
   author = {McGrail, K. and Green, B. and Barer, M. L. and Evans, R. G. and Hertzman, C. and Normand, C.},
   title = {Age, costs of acute and long-term care and proximity to death: evidence for 1987-88 and 1994-95 in British Columbia},
   journal = {Age & Ageing},
   volume = {29},
   number = {3},
   pages = {249-53},
   url = {http://ovidsp.ovid.com/ovidweb.cgi?T=JS&CSC=Y&NEWS=N&PAGE=fulltext&D=med4&AN=10855908
http://eleanor.lib.gla.ac.uk:4550/resserv?sid=OVID:medline&id=pmid:10855908&id=doi:&issn=0002-0729&isbn=&volume=29&issue=3&spage=249&pages=249-53&date=2000&title=Age+%26+Ageing&atitle=Age%2C+costs+of+acute+and+long-term+care+and+proximity+to+death%3A+evidence+for+1987-88+and+1994-95+in+British+Columbia.&aulast=Mcgrail&pid=%3Cauthor%3EMcgrail+K%3C%2Fauthor%3E%3CAN%3E10855908%3C%2FAN%3E%3CDT%3EJournal+Article%3C%2FDT%3E},
   year = {2000},
   type = {Journal Article}
}

@article{RN148,
   author = {McLean, Gary and Guthrie, Bruce and Mercer, Stewart W and Watt, Graham CM},
   title = {General practice funding underpins the persistence of the inverse care law: cross-sectional study in Scotland},
   journal = {British Journal of General Practice},
   volume = {65},
   number = {641},
   pages = {e799-e805},
   DOI = {10.3399/bjgp15X687829},
   url = {http://bjgp.org/bjgp/65/641/e799.full.pdf},
   year = {2015},
   type = {Journal Article}
}

@misc{RN111,
   ISBN = {0045-3102},
   year = {2002},
   type = {Generic}
}

@article{RN112,
   author = {McLeod, Eileen and Bywaters, Paul},
   title = {Tackling inequalities in physical health: a new objective for social work},
   journal = {British Journal of Social Work},
   volume = {29},
   number = {4},
   pages = {547-565},
   ISSN = {0045-3102},
   url = {http://bjsw.oxfordjournals.org/content/29/4/547.full.pdf},
   year = {1999},
   type = {Journal Article}
}

@techreport{RN275,
   author = {Mercer, S and Fischbacher-Smith, D and Furler, J and Sanci, L and Moffat, K and de Silva, D},
   title = {Safer Primary Care: Caring for People with Multiple Conditions},
   url = {https://core.ac.uk/download/pdf/42368783.pdf},
   year = {2016},
   type = {Report}
}

@book{RN93,
   author = {Mercer, Stewart and Salisbury, Chris and Fortin, Martin},
   title = {ABC of Multimorbidity},
   publisher = {John Wiley & Sons},
   ISBN = {1118383869},
   year = {2014},
   type = {Book}
}

@article{RN39,
   author = {Mercer, Stewart W and Guthrie, Bruce and Furler, John and Watt, Graham CM and Hart, Julian Tudor},
   title = {Multimorbidity and the inverse care law in primary care},
   journal = {BMJ},
   volume = {344},
   ISSN = {1756-1833},
   year = {2012},
   type = {Journal Article}
}

@article{RN21,
   author = {Mercer, Stewart W and Smith, Susan M and Wyke, Sally and O'Dowd, Tom and Watt, Graham CM},
   title = {Multimorbidity in primary care: developing the research agenda},
   journal = {Family practice},
   volume = {26},
   number = {2},
   pages = {79-80},
   ISSN = {0263-2136},
   year = {2009},
   type = {Journal Article}
}

@article{RN27,
   author = {Mercer, Stewart W and Watt, Graham CM},
   title = {The inverse care law: clinical primary care encounters in deprived and affluent areas of Scotland},
   journal = {The Annals of Family Medicine},
   volume = {5},
   number = {6},
   pages = {503-510},
   ISSN = {1544-1709},
   url = {http://www.ncbi.nlm.nih.gov/pmc/articles/PMC2094031/pdf/0050503.pdf},
   year = {2007},
   type = {Journal Article}
}

@article{RN107,
   author = {Moher, David and Liberati, Alessandro and Tetzlaff, Jennifer and Altman, Douglas G},
   title = {Preferred reporting items for systematic reviews and meta-analyses: the PRISMA statement},
   journal = {Annals of internal medicine},
   volume = {151},
   number = {4},
   pages = {264-269},
   ISSN = {0003-4819},
   url = {http://annals.org/data/Journals/AIM/20188/0000605-200908180-00008.pdf},
   year = {2009},
   type = {Journal Article}
}

@article{RN204,
   author = {Moore, J. and West, R. M. and Keen, J. and Godfrey, M. and Townsend, J.},
   title = {Networks and governance: the case of intermediate care},
   journal = {Health & Social Care in the Community},
   volume = {15},
   number = {2},
   pages = {155-164},
   ISSN = {0966-0410},
   url = {http://search.ebscohost.com/login.aspx?direct=true&db=cin20&AN=105719586&site=ehost-live},
   year = {2007},
   type = {Journal Article}
}

@article{RN43,
   author = {Morris, Stephen and Sutton, Matthew and Gravelle, Hugh},
   title = {Inequity and inequality in the use of health care in England: an empirical investigation},
   journal = {Social science & medicine},
   volume = {60},
   number = {6},
   pages = {1251-1266},
   ISSN = {0277-9536},
   year = {2005},
   type = {Journal Article}
}

@techreport{RN346,
   author = {Munday, Brian},
   title = {European social services: A map of characteristics and trends},
   url = {http://www.hiproweb.org/fileadmin/cdroms/Kit_Formation_Services/documents/Additional/C-Community_services_for_persons_with_disabilities/C-11_Social_Services_EU_map_Munday_B.doc},
   year = {2003},
   type = {Report}
}

@article{RN390,
   author = {Muntaner, Carles and Borrell, Carme and Ng, Edwin and Chung, Haejoo and Espelt, Albert and Rodriguez‐Sanz, Maica and Benach, Joan and O’Campo, Patricia},
   title = {Politics, welfare regimes, and population health: controversies and evidence},
   journal = {Sociology of health and illness},
   volume = {33},
   number = {6},
   pages = {946-964},
   ISSN = {1467-9566},
   url = {http://onlinelibrary.wiley.com/doi/10.1111/j.1467-9566.2011.01339.x/full},
   year = {2011},
   type = {Journal Article}
}

@article{RN59,
   author = {Nadathur, Shyamala G},
   title = {Comorbidity indexes from administrative datasets: what is measured?},
   journal = {Australian Health Review},
   volume = {35},
   number = {4},
   pages = {507-511},
   ISSN = {1449-8944},
   url = {http://www.publish.csiro.au/index.cfm?paper=AH10933},
   year = {2011},
   type = {Journal Article}
}

@techreport{RN392,
   author = {National-Audit-Office},
   title = {Department of Health: Tackling Inequalities in Life Expectancy in Areas with the Worst Health and Deprivation.},
   url = {https://www.nao.org.uk/wp-content/uploads/2010/07/1011186.pdf},
   year = {2010},
   type = {Report}
}

@techreport{RN313,
   author = {National-Audit-Office},
   title = {Tackling inequalities in life expectancy in areas with the worst health and deprivation},
   url = {https://www.nao.org.uk/report/tackling-inequalities-in-life-expectancy-in-areas-with-the-worst-health-and-deprivation/},
   year = {2010},
   type = {Report}
}

@techreport{RN249,
   author = {National-Audit-Office},
   title = {Health and Social Care Integration},
   url = {https://www.nao.org.uk/wp-content/uploads/2017/02/Health-and-social-care-integration.pdf},
   year = {2017},
   type = {Report}
}

@book{RN333,
   author = {Nettleton, Sarah},
   title = {The sociology of health and illness},
   publisher = {Polity},
   ISBN = {0745628281},
   year = {2006},
   type = {Book}
}

@article{RN139,
   author = {Newson, Pauline},
   title = {Introduction to equality and inclusion in social care},
   journal = {Nursing and Residential Care},
   volume = {13},
   number = {4},
   pages = {162-166},
   DOI = {doi:10.12968/nrec.2011.13.4.162},
   url = {http://www.magonlinelibrary.com/doi/abs/10.12968/nrec.2011.13.4.162},
   year = {2011},
   type = {Journal Article}
}

@article{RN163,
   author = {Newton, Jennifer and Browne, Leanne},
   title = {How fair is fair access to care?},
   journal = {Practice: Social Work in Action},
   volume = {20},
   number = {4},
   pages = {235-249},
   ISSN = {0950-3153},
   year = {2008},
   type = {Journal Article}
}

@article{RN72,
   author = {Ng, SK},
   title = {A two‐way clustering framework to identify disparities in multimorbidity patterns of mental and physical health conditions among Australians},
   journal = {Statistics in medicine},
   volume = {34},
   number = {26},
   pages = {3444-3460},
   ISSN = {1097-0258},
   year = {2015},
   type = {Journal Article}
}

@article{RN225,
   author = {Ng, Shu Kay and Holden, Libby and Sun, Jing},
   title = {Identifying comorbidity patterns of health conditions via cluster analysis of pairwise concordance statistics},
   journal = {Statistics in medicine},
   volume = {31},
   number = {27},
   pages = {3393-3405},
   ISSN = {1097-0258},
   year = {2012},
   type = {Journal Article}
}

@techreport{RN302,
   author = {NHS-Health-Scotland},
   title = {Health inequalities: what are they and how do we reduce them?},
   url = {http://www.healthscotland.scot/media/1086/health-inequalities-what-are-they-how-do-we-reduce-them-mar16.pdf},
   year = {2015},
   type = {Report}
}

@techreport{RN363,
   author = {NHS-Health-Scotland},
   title = {Income, wealth, and poverty: inequality briefing 8},
   url = {http://www.healthscotland.scot/media/1365/inequalities-briefing-8_income-wealth-and-poverty_apr17_english.pdf},
   year = {2017},
   type = {Report}
}

@article{RN256,
   author = {NHS-Scotland},
   title = {A route map to the 2020 vision for health and social care},
   journal = {Edinburgh: NHS Scotland},
   url = {http://www.gov.scot/Resource/0042/00423188.pdf},
   year = {2013},
   type = {Journal Article}
}

@techreport{RN164,
   author = {NICE},
   title = {Improving Access to Health and Social Care Services for people who do not routinely use them},
   institution = {National Institute for Health and Care Excellence},
   url = {https://www.nice.org.uk/advice/lgb14/resources/improving-access-to-health-and-social-care-services-for-people-who-do-not-routinely-use-them-60521146427077},
   year = {2014},
   type = {Report}
}

@techreport{RN150,
   author = {NICE},
   title = {NG 22. Older people with Social Care needs and multiple long-term conditions},
   url = {www.nice.org.uk/guidance/ng22},
   year = {2015},
   type = {Report}
}

@techreport{RN226,
   author = {NICE},
   title = {Multimorbidity: clinical assessment and management. Multimorbidity: assessment, prioritisation and management of care for people with commonly occurring multimorbidity: NICE guideline NG56: },
   url = {https://www.nice.org.uk/guidance/ng56},
   year = {2016},
   type = {Report}
}

@article{RN38,
   author = {Norbury, Michael and Mercer, Stewart W and Gillies, John and Furler, John and Watt, Graham CM},
   title = {Time to care: tackling health inequalities through primary care},
   journal = {Family practice},
   volume = {28},
   number = {1},
   pages = {1-3},
   ISSN = {0263-2136},
   url = {http://fampra.oxfordjournals.org/content/28/1/1.full.pdf},
   year = {2011},
   type = {Journal Article}
}

@misc{RN244,
   url = {https://cran.r-project.org/web/packages/synthpop/vignettes/synthpop.pdf},
   year = {2014},
   type = {Generic}
}

@article{RN271,
   author = {Nunes, Bruno Pereira and Flores, Thaynã Ramos and Mielke, Grégore Iven and Thumé, Elaine and Facchini, Luiz Augusto},
   title = {Multimorbidity and mortality in older adults: A systematic review and meta-analysis},
   journal = {Archives of gerontology and geriatrics},
   volume = {67},
   pages = {130-138},
   ISSN = {0167-4943},
   url = {http://www.sciencedirect.com/science/article/pii/S0167494316301388},
   year = {2016},
   type = {Journal Article}
}

@article{RN239,
   author = {O’Shea, Miriam and Teeling, Mary and Bennett, Kathleen},
   title = {The prevalence and ingredient cost of chronic comorbidity in the Irish elderly population with medication treated type 2 diabetes: a retrospective cross-sectional study using a national pharmacy claims database},
   journal = {BMC health services research},
   volume = {13},
   number = {1},
   pages = {1},
   ISSN = {1472-6963},
   url = {https://bmchealthservres.biomedcentral.com/articles/10.1186/1472-6963-13-23},
   year = {2013},
   type = {Journal Article}
}

@article{RN194,
   author = {Oberski, Daniel L and van Kollenburg, Geert H and Vermunt, Jeroen K},
   title = {A Monte Carlo evaluation of three methods to detect local dependence in binary data latent class models},
   journal = {Advances in Data Analysis and Classification},
   volume = {7},
   number = {3},
   pages = {267-279},
   ISSN = {1862-5347},
   year = {2013},
   type = {Journal Article}
}

@article{RN60,
   author = {O'Brien, Rosaleen and Wyke, Sally and Guthrie, Bruce and Watt, Graham and Mercer, Stewart},
   title = {An ‘endless struggle’: a qualitative study of general practitioners’ and practice nurses’ experiences of managing multimorbidity in socio-economically deprived areas of Scotland},
   journal = {Chronic Illness},
   volume = {7},
   number = {1},
   pages = {45-59},
   ISSN = {1742-3953},
   url = {http://chi.sagepub.com/content/7/1/45.full.pdf},
   year = {2011},
   type = {Journal Article}
}

@techreport{RN375,
   author = {ONS},
   title = {Health state life expectancies, UK: 2013 to 2015},
   url = {file:///C:/Users/hedgi/Downloads/Health%20state%20life%20expectancies,%20UK%202013%20to%202015.pdf},
   year = {2016},
   type = {Report}
}

@article{RN231,
   author = {O'Shea, Miriam P and Teeling, Mary and Bennett, Kathleen},
   title = {An observational study examining the effect of comorbidity on the rates of persistence and adherence to newly initiated oral anti‐hyperglycaemic agents},
   journal = {Pharmacoepidemiology and drug safety},
   volume = {22},
   number = {12},
   pages = {1336-1344},
   ISSN = {1099-1557},
   url = {http://onlinelibrary.wiley.com/doi/10.1002/pds.3535/abstract},
   year = {2013},
   type = {Journal Article}
}

@book{RN165,
   author = {Parker, Gillian and Phelps, Kay and Francis, Jenny and Unit, Leicester Univ.. Nuffield Community Care Studies},
   title = {Access to Social Care for Older People: Literature Review},
   publisher = {University of Leicester, Nuffield Community Care Studies Unit},
   year = {2000},
   type = {Book}
}

@article{RN85,
   author = {Pavis, Stephen and Morris, Andrew},
   title = {Unleashing the power of administrative health data: the Scottish model},
   journal = {Public Health Research and Practice},
   volume = {25},
   number = {4},
   pages = {e2541541},
   url = {http://www.phrp.com.au/issues/september-2015-volume-25-issue-4/unleashing-the-power-of-administrative-health-data-the-scottish-model/},
   year = {2015},
   type = {Journal Article}
}

@article{RN344,
   author = {Pavolini, Emmanuele and Ranci, Costanzo},
   title = {Restructuring the welfare state: reforms in long-term care in Western European countries},
   journal = {Journal of European Social Policy},
   volume = {18},
   number = {3},
   pages = {246-259},
   ISSN = {0958-9287},
   url = {http://journals.sagepub.com/doi/abs/10.1177/0958928708091058},
   year = {2008},
   type = {Journal Article}
}

@article{RN92,
   author = {Payne, Rupert A and Abel, Gary A and Guthrie, Bruce and Mercer, Stewart W},
   title = {The effect of physical multimorbidity, mental health conditions and socioeconomic deprivation on unplanned admissions to hospital: a retrospective cohort study},
   journal = {Canadian Medical Association Journal},
   volume = {185},
   number = {5},
   pages = {E221-E228},
   ISSN = {0820-3946},
   url = {http://www.cmaj.ca/content/185/5/E221.full.pdf},
   year = {2013},
   type = {Journal Article}
}

@article{RN200,
   author = {Pearson, Virginia and Chant, Simon},
   title = {Different models of health and social care in Devon -- observations and implications for commissioners and providers},
   journal = {Journal of Integrated Care},
   volume = {19},
   number = {4},
   pages = {22-26},
   ISSN = {1476-9018},
   DOI = {10.1108/14769011111164269},
   url = {http://search.ebscohost.com/login.aspx?direct=true&db=cin20&AN=104697792&site=ehost-live},
   year = {2011},
   type = {Journal Article}
}

@book{RN377,
   author = {Peckham, Stephen and Meerabeau, Elizabeth},
   title = {Social policy for nurses and the helping professions},
   publisher = {McGraw-Hill Education.},
   address = {Maidenhead},
   edition = {2nd},
   ISBN = {0335219624},
   year = {2007},
   type = {Book}
}

@phdthesis{RN36,
   author = {Peng, Yu-Chum},
   title = {Latent trajectories modelling of development profiles of multimorbidity over time in primary care},
   university = {Keele University},
   year = {2011},
   type = {Thesis}
}

@article{RN78,
   author = {Perkins, Anthony J and Kroenke, Kurt and Unützer, Jürgen and Katon, Wayne and Williams, John W and Hope, Carol and Callahan, Christopher M},
   title = {Common comorbidity scales were similar in their ability to predict health care costs and mortality},
   journal = {Journal of clinical epidemiology},
   volume = {57},
   number = {10},
   pages = {1040-1048},
   ISSN = {0895-4356},
   url = {http://ac.els-cdn.com/S0895435604000812/1-s2.0-S0895435604000812-main.pdf?_tid=20def0d8-6db5-11e5-9bd1-00000aacb35f&acdnat=1444306221_bc95cb86521c040e032fdf541abb0c37},
   year = {2004},
   type = {Journal Article}
}

@article{RN367,
   author = {Petch, Alison},
   title = {The evidence base for integrated care},
   journal = {Journal of Integrated Care},
   volume = {17},
   number = {3},
   pages = {23-25},
   ISSN = {1476-9018},
   url = {http://www.emeraldinsight.com/toc/jica/17/3},
   year = {2009},
   type = {Journal Article}
}

@techreport{RN322,
   author = {Petch, A},
   title = {An evidence base for the delivery of adult services},
   url = {http://www.socialworkscotland.org/doc_get.aspx?DocID=716},
   year = {2011},
   type = {Report}
}

@techreport{RN141,
   author = {Petch, A.},
   title = {Integration of Health and Social Care},
   url = {http://www.iriss.org.uk/sites/default/files/iriss-insight-14.pdf},
   year = {2012},
   type = {Report}
}

@article{RN368,
   author = {Petch, Alison},
   title = {Tectonic plates: aligning evidence, policy and practice in health and social care integration},
   journal = {Journal of Integrated Care},
   volume = {20},
   number = {2},
   pages = {77-88},
   ISSN = {1476-9018},
   year = {2012},
   type = {Journal Article}
}

@article{RN369,
   author = {Petch, Alison},
   title = {Tectonic plates: aligning evidence, policy and practice in health and social care integration},
   journal = {Journal of Integrated Care},
   volume = {20},
   number = {2},
   pages = {77-88},
   ISSN = {1476-9018},
   url = {http://www.emeraldinsight.com/doi/full/10.1108/14769011211220481},
   year = {2012},
   type = {Journal Article}
}

@article{RN106,
   author = {Piette, John D and Kerr, Eve A},
   title = {The impact of comorbid chronic conditions on diabetes care},
   journal = {Diabetes care},
   volume = {29},
   number = {3},
   pages = {725-731},
   ISSN = {0149-5992},
   url = {http://care.diabetesjournals.org/content/29/3/725.full.pdf},
   year = {2006},
   type = {Journal Article}
}

@techreport{RN154,
   author = {Platt, D.},
   title = {The Status of Social Care, a review 2007, Report to the Minister of State for Care Services.},
   url = {https://www.housinglin.org.uk/_assets/Resources/Housing/Support_materials/Other_reports_and_guidance/The_state_of_social_care_in_England_2007-08.pdf},
   year = {2007},
   type = {Report}
}

@techreport{RN386,
   author = {Popham, Frank and Boyle, Paul},
   title = {Assessing socio-economic inequalities in mortality and other health outcomes at the Scottish national level},
   url = {http://calls.ac.uk/wp-content/uploads/final_report_-_assessing_socio-economic_inequalities_in_mortality_and_other_health_outcomes_at_the_scottish_national_level..pdf},
   year = {2010},
   type = {Report}
}

@article{RN113,
   author = {Powell, Martin},
   title = {The strategy of equality revisited},
   journal = {Journal of Social Policy},
   volume = {24},
   number = {02},
   pages = {163-185},
   ISSN = {1469-7823},
   year = {1995},
   type = {Journal Article}
}

@article{RN98,
   author = {Prados-Torres, Alexandra and Calderon-Larranaga, Amaia and Hancco-Saavedra, Jorge and Poblador-Plou, Beatriz and van den Akker, Marjan},
   title = {Multimorbidity patterns: a systematic review},
   journal = {Journal of Clinical Epidemiology},
   volume = {67},
   number = {3},
   pages = {254-266},
   ISSN = {0895-4356},
   DOI = {10.1016/j.jclinepi.2013.09.021},
   url = {<Go to ISI>://WOS:000330752400005
http://www.jclinepi.com/article/S0895-4356(13)00436-8/abstract},
   year = {2014},
   type = {Journal Article}
}

@article{RN104,
   author = {Prados-Torres, A. and Poblador-Plou, B. and Calderon-Larranaga, A. and Gimeno-Feliu, L. A. and Gonzalez-Rubio, F. and Poncel-Falco, A. and Sicras-Mainar, A. and Alcala-Nalvaiz, J. T.},
   title = {Multimorbidity patterns in primary care: interactions among chronic diseases using factor analysis},
   journal = {PLoS One},
   volume = {7},
   number = {2},
   pages = {e32190},
   ISSN = {1932-6203},
   DOI = {10.1371/journal.pone.0032190},
   url = {http://www.ncbi.nlm.nih.gov/pmc/articles/PMC3290548/pdf/pone.0032190.pdf},
   year = {2012},
   type = {Journal Article}
}

@article{RN220,
   author = {Purdey, S and Huntley, A},
   title = {Predicting and preventing avoidable hospital admissions: a review},
   journal = {The journal of the Royal College of Physicians of Edinburgh},
   volume = {43},
   number = {4},
   pages = {340-344},
   ISSN = {1478-2715},
   year = {2012},
   type = {Journal Article}
}

@techreport{RN223,
   author = {Purdy, Sarah},
   title = {Avoiding hospital admissions: What does the research evidence say?},
   year = {2010},
   type = {Report}
}

@article{RN395,
   author = {Queen, Anton B and Lowrie, Richard and Richardson, Janice and Williamson, Andrea E},
   title = {Multimorbidity, disadvantage, and patient engagement within a specialist homeless health service in the UK: an in-depth study of general practice data},
   journal = {BJGP Open},
   pages = {BJGP-2016-0641},
   ISSN = {2398-3795},
   url = {http://bjgpopen.org/content/early/2017/07/10/bjgpopen17X100941},
   year = {2017},
   type = {Journal Article}
}

@inproceedings{RN70,
   author = {Radner, Helga and Yoshida, Kazuki and Mjaavatten, Maria Dahl and Aletaha, Daniel and Frits, Michelle and Lu, Bing and Iannaccone, Christine and Shadick, Nancy and Weinblatt, Michael and Hmamouchi, Ihsane},
   title = {Development of a multimorbidity index: impact on quality of life using a rheumatoid arthritis cohort},
   booktitle = {Seminars in arthritis and rheumatism},
   publisher = {Elsevier},
   volume = {45},
   pages = {167-173},
   ISBN = {0049-0172},
   url = {http://ac.els-cdn.com/S0049017215001481/1-s2.0-S0049017215001481-main.pdf?_tid=dba254d0-6cdb-11e5-b0a0-00000aab0f27&acdnat=1444212904_31de460e4b2e6c57f37416711c78eff7},
   type = {Conference Proceedings}
}

@techreport{RN295,
   author = {R-Core-Team},
   title = {R: A Language and Environment for Statistical Computing. 2011, Vienna, Austria: R Foundation for Statistical Computing},
   url = {http://www.R-project.org},
   year = {2017},
   type = {Report}
}

@article{RN221,
   author = {Reid, Fiona DA and Cook, Derek G and Majeed, Azeem},
   title = {Explaining variation in hospital admission rates between general practices: cross sectional study},
   journal = {Bmj},
   volume = {319},
   number = {7202},
   pages = {98-103},
   ISSN = {0959-8138},
   year = {1999},
   type = {Journal Article}
}

@article{RN108,
   author = {Rhee, Soo Hyun and Hewitt, John K and Lessem, Jeffrey M and Stallings, Michael C and Corley, Robin P and Neale, Michael C},
   title = {The validity of the Neale and Kendler model-fitting approach in examining the etiology of comorbidity},
   journal = {Behavior genetics},
   volume = {34},
   number = {3},
   pages = {251-265},
   ISSN = {0001-8244},
   url = {http://download.springer.com/static/pdf/229/art%253A10.1023%252FB%253ABEGE.0000017871.87431.2a.pdf?originUrl=http%3A%2F%2Flink.springer.com%2Farticle%2F10.1023%2FB%3ABEGE.0000017871.87431.2a&token2=exp=1447164827~acl=%2Fstatic%2Fpdf%2F229%2Fart%25253A10.1023%25252FB%25253ABEGE.0000017871.87431.2a.pdf%3ForiginUrl%3Dhttp%253A%252F%252Flink.springer.com%252Farticle%252F10.1023%252FB%253ABEGE.0000017871.87431.2a*~hmac=6c2822b586fec24f3764d7d6b23b872d61714384530f35407e3795e1b7dfa265},
   year = {2004},
   type = {Journal Article}
}

@article{RN76,
   author = {Ricci-Cabello, Ignacio and Violán, Concepció and Foguet-Boreu, Quinti and Mounce, Luke TA and Valderas, Jose M},
   title = {Impact of multi-morbidity on quality of healthcare and its implications for health policy, research and clinical practice. A scoping review},
   journal = {European Journal of General Practice},
   volume = {21},
   number = {3},
   pages = {192-202},
   ISSN = {1381-4788},
   year = {2015},
   type = {Journal Article}
}

@article{RN162,
   author = {Richards, Suzanne and Coast, Joanna},
   title = {Interventions to improve access to health and social care after discharge from hospital: a systematic review},
   journal = {Journal of Health Services Research & Policy},
   volume = {8},
   number = {3},
   pages = {171-179},
   ISSN = {1355-8196},
   url = {http://hsr.sagepub.com/content/8/3/171.full.pdf},
   year = {2003},
   type = {Journal Article}
}

@article{RN100,
   author = {Richardson, W. Scott and Doster, Lynn M.},
   title = {Comorbidity and multimorbidity need to be placed in the context of a framework of risk, responsiveness, and vulnerability},
   journal = {Journal of Clinical Epidemiology},
   volume = {67},
   number = {3},
   pages = {244-246},
   DOI = {10.1016/j.jclinepi.2013.10.020},
   url = {http://dx.doi.org/10.1016/j.jclinepi.2013.10.020},
   year = {2014},
   type = {Journal Article}
}

@article{RN134,
   author = {Rigby, Michael and Hill, Penny and Koch, Sabine and Keeling, Debbie},
   title = {Social care informatics as an essential part of holistic health care: a call for action},
   journal = {International journal of medical informatics},
   volume = {80},
   number = {8},
   pages = {544-554},
   ISSN = {1386-5056},
   url = {http://ac.els-cdn.com/S1386505611001237/1-s2.0-S1386505611001237-main.pdf?_tid=77cc66d0-935f-11e5-b81e-00000aacb361&acdnat=1448447574_30eb77725a016b3b7ddf68b0325274f6},
   year = {2011},
   type = {Journal Article}
}

@techreport{RN345,
   author = {Robertson, Ruth and Gregory, Sarah and Jabbal, Joni},
   title = {The social care and health systems of nine countries},
   url = {http://www.commed.vcu.edu/IntroPH/Community_Assessment/2014/commission-background-paper-social-care-health-system-other-countries.pdf},
   year = {2014},
   type = {Report}
}

@techreport{RN233,
   author = {Robson, K.},
   title = {SPICe Briefing: Public Bodies(Joint Working) (Scotland) Bill},
   url = {http://www.parliament.scot/ResearchBriefingsAndFactsheets/S4/SB_13-50.pdf},
   year = {2013},
   type = {Report}
}

@article{RN135,
   author = {Roche, Deborah and Rankin, Jennifer},
   title = {Who cares? Building the social care workforce},
   journal = {Institute for Public Policy Research},
   year = {2004},
   type = {Journal Article}
}

@article{RN49,
   author = {Rosano, A. and Loha, C. A. and Falvo, R. and van der Zee, J. and Ricciardi, W. and Guasticchi, G. and de Belvis, A. G.},
   title = {The relationship between avoidable hospitalization and accessibility to primary care: a systematic review},
   journal = {European Journal of Public Health},
   volume = {23},
   number = {3},
   pages = {356-360},
   ISSN = {1101-1262},
   DOI = {10.1093/eurpub/cks053},
   url = {<Go to ISI>://WOS:000319468600006
http://eurpub.oxfordjournals.org/content/eurpub/23/3/356.full.pdf},
   year = {2013},
   type = {Journal Article}
}

@article{RN396,
   author = {Ruckert, Arne and Labonté, Ronald},
   title = {Health inequities in the age of austerity: The need for social protection policies},
   journal = {Social Science and Medicine},
   ISSN = {0277-9536},
   url = {http://www.sciencedirect.com/science/article/pii/S0277953617301752},
   year = {2017},
   type = {Journal Article}
}

@article{RN28,
   author = {Salisbury, Chris},
   title = {Multimorbidity: redesigning health care for people who use it},
   journal = {The Lancet},
   volume = {380},
   number = {9836},
   pages = {7-9},
   ISSN = {0140-6736},
   url = {http://ac.els-cdn.com/S0140673612604826/1-s2.0-S0140673612604826-main.pdf?_tid=1689a30e-65e4-11e5-b8b5-00000aab0f02&acdnat=1443446781_11a4b717b51541c71ef110f58227ac78},
   year = {2012},
   type = {Journal Article}
}

@article{RN22,
   author = {Salisbury, Chris and Johnson, Leigh and Purdy, Sarah and Valderas, Jose M and Montgomery, Alan A},
   title = {Epidemiology and impact of multimorbidity in primary care: a retrospective cohort study},
   journal = {British Journal of General Practice},
   volume = {61},
   number = {582},
   pages = {e12-e21},
   ISSN = {0960-1643},
   url = {http://www.ncbi.nlm.nih.gov/pmc/articles/PMC3020068/pdf/bjgp61-e12.pdf},
   year = {2011},
   type = {Journal Article}
}

@article{RN349,
   author = {Sapir, André},
   title = {Globalization and the reform of European Social Models},
   journal = {Journal of Common Market Studies},
   volume = {44},
   number = {2},
   pages = {369-390},
   ISSN = {1468-5965},
   url = {http://onlinelibrary.wiley.com/doi/10.1111/j.1468-5965.2006.00627.x/full},
   year = {2006},
   type = {Journal Article}
}

@article{RN94,
   author = {Saraceno, Chiara},
   title = {Social inequalities in facing old-age dependency: a bi-generational perspective},
   journal = {Journal of European Social Policy},
   volume = {20},
   number = {1},
   pages = {32-44},
   ISSN = {0958-9287},
   year = {2010},
   type = {Journal Article}
}

@article{RN189,
   author = {Schäfer, Ingmar and von Leitner, Eike-Christin and Schön, Gerhard and Koller, Daniela and Hansen, Heike and Kolonko, Tina and Kaduszkiewicz, Hanna and Wegscheider, Karl and Glaeske, Gerd and van den Bussche, Hendrik},
   title = {Multimorbidity patterns in the elderly: a new approach of disease clustering identifies complex interrelations between chronic conditions},
   journal = {PloS one},
   volume = {5},
   number = {12},
   pages = {e15941},
   ISSN = {1932-6203},
   url = {http://www.ncbi.nlm.nih.gov/pmc/articles/PMC3012106/pdf/pone.0015941.pdf},
   year = {2010},
   type = {Journal Article}
}

@article{RN272,
   author = {Schamess, Andrew and Foraker, Randi and Kretovics, Matthew and Barnes, Kelli and Beatty, Stuart and Bose-Brill, Seuli and Tayal, Neeraj},
   title = {Reduced emergency room and hospital utilization in persons with multiple chronic conditions and disability receiving home-based primary care},
   journal = {Disability and Health Journal},
   ISSN = {1936-6574},
   url = {http://www.sciencedirect.com/science/article/pii/S1936657416301406},
   year = {2016},
   type = {Journal Article}
}

@article{RN273,
   author = {Schiltz, Nicholas K and Warner, David F and Sun, Jiayang and Bakaki, Paul M and Dor, Avi and Given, Charles W and Stange, Kurt C and Koroukian, Siran M},
   title = {Identifying Specific Combinations of Multimorbidity that Contribute to Health Care Resource Utilization: An Analytic Approach},
   journal = {Medical Care},
   ISSN = {0025-7079},
   url = {http://journals.lww.com/lww-medicalcare/Citation/2017/03000/Identifying_Specific_Combinations_of.11.aspx},
   year = {2017},
   type = {Journal Article}
}

@techreport{RN138,
   author = {SCIE},
   title = {SCIE Guide 33: Fair Access to Cares Services (FACS): proritising eligibility for care and support},
   url = {http://www.scie.org.uk/publications/guides/guide33/files/guide33.pdf},
   year = {2013},
   type = {Report}
}

@techreport{RN169,
   author = {SCIE},
   title = {Eligibility Dermination for the Care Act 2014},
   url = {http://www.scie.org.uk/care-act-2014/assessment-and-eligibility/eligibility/},
   year = {2015},
   type = {Report}
}

@techreport{RN127,
   author = {Scotland, Health and Social Care Alliance},
   title = {Many conditions, one life: Living well with multiple conditions},
   url = {http://www.alliance-scotland.org.uk/resources/library/},
   year = {n.d.},
   type = {Report}
}

@techreport{RN171,
   author = {Scottish-Government},
   title = {Self-Directed Support: A National Strategy for Scotland},
   url = {http://www.gov.scot/Publications/2010/11/05120810/0},
   year = {2010},
   type = {Report}
}

@misc{RN126,
   year = {2012},
   type = {Government Document}
}

@techreport{RN170,
   author = {Scottish-Government},
   title = {Self-Directed Support: Practitioner Guidance},
   url = {http://www.gov.scot/Publications/2014/08/5212},
   year = {2014},
   type = {Report}
}

@misc{RN125,
   url = {http://www.gov.scot/charterforsafehavens},
   year = {2015},
   type = {Government Document}
}

@techreport{RN184,
   author = {Scottish-Government},
   title = {Data on eligibility criteria and waiting times},
   url = {http://www.gov.scot/Topics/Statistics/Browse/Health/Data/QuarterlySurvey/QECWTJUL2015},
   year = {2015},
   type = {Report}
}

@techreport{RN130,
   author = {Scottish-Government},
   title = {Expenditure on Adult Social Care Services, Scotland, 2003-2004 to 2013-2014},
   institution = {UK Statistics Authority},
   url = {http://www.gov.scot/Resource/0047/00473646.pdf},
   year = {2015},
   type = {Report}
}

@techreport{RN129,
   author = {Scottish-Government},
   title = {Free personal and nursing care, Scotland, 2013-2014},
   institution = {UK Statistics Authority},
   url = {http://www.gov.scot/Resource/0047/00475381.pdf},
   year = {2015},
   type = {Report}
}

@techreport{RN143,
   author = {Scottish-Government},
   title = {Health and social care information sharing: a strategic framework 2014-2020},
   url = {http://www.gov.scot/Resource/0046/00469375.pdf},
   year = {2015},
   type = {Report}
}

@techreport{RN144,
   author = {Scottish-Government},
   title = {National health and wellbeing outcomes: a framework for improving the planning and delivery of integrated health and social services},
   url = {http://www.gov.scot/Resource/0047/00470219.pdf},
   year = {2015},
   type = {Report}
}

@techreport{RN266,
   author = {Scottish-Government},
   title = {Health and Social Care Delivery Plan},
   url = {http://www.gov.scot/Resource/0051/00511950.pdf},
   year = {2016},
   type = {Report}
}

@misc{RN238,
   volume = {2016},
   number = {14.11.2016},
   url = {http://simd.scot/2016/#/simd2016/BTTTFTT/9/-4.0011/55.9001/},
   year = {2016},
   type = {Web Page}
}

@techreport{RN128,
   author = {Scottish-Government},
   title = {Social Care Services, Scotland, 2016},
   url = {https://www.gov.uk/government/statistics/social-care-services-scotland-2016},
   year = {2016},
   type = {Report}
}

@techreport{RN315,
   author = {Scottish-Government},
   title = {Long term monitoring of health inequalities},
   url = {http://www.gov.scot/Publications/2017/03/8751/downloads},
   year = {2017},
   type = {Report}
}

@techreport{RN325,
   author = {Scottish-Parliament},
   title = {Health and Sport Committee: Report on Health Inequalities.},
   url = {http://www.parliament.scot/S4_HealthandSportCommittee/Reports/her-15-01w-rev.pdf},
   year = {2015},
   type = {Report}
}

@article{RN219,
   author = {Shah, Anoop D and Martinez, Carlos},
   title = {An algorithm to derive a numerical daily dose from unstructured text dosage instructions},
   journal = {Pharmacoepidemiology and drug safety},
   volume = {15},
   number = {3},
   pages = {161-166},
   ISSN = {1099-1557},
   year = {2006},
   type = {Journal Article}
}

@article{RN69,
   author = {Sharabiani, Mansour TA and Aylin, Paul and Bottle, Alex},
   title = {Systematic review of comorbidity indices for administrative data},
   journal = {Medical care},
   volume = {50},
   number = {12},
   pages = {1109-1118},
   ISSN = {0025-7079},
   year = {2012},
   type = {Journal Article}
}

@book{RN374,
   author = {Sharkey, Mr Peter},
   title = {Essentials of Community Care},
   publisher = {Palgrave Macmillan},
   address = {Basingstoke},
   edition = {2nd},
   ISBN = {1137165367},
   year = {2006},
   type = {Book}
}

@article{RN182,
   author = {Sharland, E},
   title = {Strategic Adviser for Social Work and Social Care Research: Main Report to the ESRC Training and Development Board},
   journal = {ESRC, available online at http://esrc. ac. uk/about-esrc/what-we-do/health. aspx},
   year = {2010},
   type = {Journal Article}
}

@inbook{RN311,
   author = {Shaw, Mary and Dorling, Danny and Smith, George Davey},
   title = {Poverty, social exclusion, and minorities},
   booktitle = {Social determinants of health.},
   editor = {Marmot, Michael and Wilkinson, Richard},
   publisher = {Oxford University Press},
   address = {Oxford},
   edition = {2nd},
   year = {2006},
   type = {Book Section}
}

@book{RN382,
   author = {Shaw, Mary and Galobardes, Bruna and Lawlor, D and Lynch, John and Wheeler, Ben and Davey-Smith, G},
   title = {The handbook of inequality and socioeconomic position: conceptes and measures},
   publisher = {The Policy Press},
   ISBN = {1861347677},
   year = {2007},
   type = {Book}
}

@article{RN358,
   author = {Sigurdardottir, Sigurveig H and Kåreholt, Ingemar},
   title = {Informal and formal care of older people in Iceland},
   journal = {Scandinavian journal of caring sciences},
   volume = {28},
   number = {4},
   pages = {802-811},
   ISSN = {1471-6712},
   url = {http://onlinelibrary.wiley.com/doi/10.1111/scs.12114/full},
   year = {2014},
   type = {Journal Article}
}

@article{RN310,
   author = {Singh, Gopal K and Siahpush, Mohammad},
   title = {Widening socioeconomic inequalities in US life expectancy, 1980–2000},
   journal = {International journal of epidemiology},
   volume = {35},
   number = {4},
   pages = {969-979},
   ISSN = {0300-5771},
   url = {https://academic.oup.com/ije/article/35/4/969/686385/Widening-socioeconomic-inequalities-in-US-life},
   year = {2006},
   type = {Journal Article}
}

@article{RN99,
   author = {Sinnige, Judith and Braspenning, Joze and Schellevis, Francois and Stirbu-Wagner, Irina and Westert, Gert and Korevaar, Joke},
   title = {The Prevalence of Disease Clusters in Older Adults with Multiple Chronic Diseases - A Systematic Literature Review},
   journal = {Plos One},
   volume = {8},
   number = {11},
   ISSN = {1932-6203},
   DOI = {10.1371/journal.pone.0079641},
   url = {<Go to ISI>://WOS:000327221600142
http://www.plosone.org/article/fetchObject.action?uri=info:doi/10.1371/journal.pone.0079641&representation=PDF},
   year = {2013},
   type = {Journal Article}
}

@article{RN54,
   author = {Sinnott, Carol and Bradley, Colin P},
   title = {Multimorbidity or polypharmacy: two sides of the same coin?},
   journal = {Journal of Comorbidity},
   volume = {5},
   number = {1},
   pages = {29-31},
   ISSN = {2235-042X},
   year = {2015},
   type = {Journal Article}
}

@article{RN88,
   author = {Sinnott, Carol and Mc Hugh, Sheena and Browne, John and Bradley, Colin},
   title = {GPs’ perspectives on the management of patients with multimorbidity: systematic review and synthesis of qualitative research},
   journal = {BMJ open},
   volume = {3},
   number = {9},
   pages = {e003610},
   ISSN = {2044-6055},
   url = {http://bmjopen.bmj.com/content/3/9/e003610.full.pdf#page=1&view=FitH},
   year = {2013},
   type = {Journal Article}
}

@article{RN230,
   author = {Sloan, Kevin L and Sales, Anne E and Liu, Chuan-Fen and Fishman, Paul and Nichol, Paul and Suzuki, Norman T and Sharp, Nancy D},
   title = {Construction and characteristics of the RxRisk-V: a VA-adapted pharmacy-based case-mix instrument},
   journal = {Medical care},
   volume = {41},
   number = {6},
   pages = {761-774},
   ISSN = {0025-7079},
   url = {http://www.jstor.org.ezproxy.lib.gla.ac.uk/stable/3768010?pq-origsite=summon&seq=1#page_scan_tab_contents},
   year = {2003},
   type = {Journal Article}
}

@inbook{RN378,
   author = {Smith, Katherine E and Bambra, Clare and Hill, Sarah},
   title = {Background and introduction: UK experiences of health inequalities},
   booktitle = {Health Inequalities: Critical Perspectives},
   editor = {Smith, Katherine E; and Hill, Sarah; and Bambra, Clare},
   publisher = {Oxford University Press},
   address = {Oxford},
   ISBN = {0191008486},
   year = {2016},
   type = {Book Section}
}

@article{RN23,
   author = {Smith, Susan M and Soubhi, Hassan and Fortin, Martin and Hudon, Catherine and O’Dowd, Tom},
   title = {Managing patients with multimorbidity: systematic review of interventions in primary care and community settings},
   journal = {Bmj},
   volume = {345},
   ISSN = {1756-1833},
   year = {2012},
   type = {Journal Article}
}

@article{RN55,
   author = {Smith, Susan M and Soubhi, Hassan and Fortin, Martin and Hudon, Catherine and O'Dowd, Tom},
   title = {Interventions for improving outcomes in patients with multimorbidity in primary care and community settings},
   journal = {The Cochrane Library},
   ISSN = {1465-1858},
   year = {2012},
   type = {Journal Article}
}

@article{RN264,
   author = {Springate, David A. and Parisi, Rosa and Olier, Ivan and Reeves, David and Kontopantelis, Evangelos},
   title = {rEHR: An R package for manipulating and analysing Electronic Health Record data},
   journal = {PLOS ONE},
   volume = {12},
   number = {2},
   pages = {e0171784},
   DOI = {10.1371/journal.pone.0171784},
   url = {http://dx.doi.org/10.1371%2Fjournal.pone.0171784},
   year = {2017},
   type = {Journal Article}
}

@article{RN105,
   author = {Starfield, Barbara},
   title = {Threads and yarns: weaving the tapestry of comorbidity},
   journal = {The Annals of Family Medicine},
   volume = {4},
   number = {2},
   pages = {101-103},
   ISSN = {1544-1709},
   url = {http://www.ncbi.nlm.nih.gov/pmc/articles/PMC1467013/pdf/0040101.pdf},
   year = {2006},
   type = {Journal Article}
}

@article{RN290,
   author = {Starfield, Barbara and Shi, Leiyu and Macinko, James},
   title = {Contribution of primary care to health systems and health},
   journal = {Milbank quarterly},
   volume = {83},
   number = {3},
   pages = {457-502},
   ISSN = {1468-0009},
   url = {http://onlinelibrary.wiley.com/wol1/doi/10.1111/j.1468-0009.2005.00409.x/full},
   year = {2005},
   type = {Journal Article}
}

@article{RN341,
   author = {Starfield, Barbara and Weiner, Jonathan and Mumford, Laura and Steinwachs, Donald},
   title = {Ambulatory care groups: a categorization of diagnoses for research and management},
   journal = {Health services research},
   volume = {26},
   number = {1},
   pages = {53},
   url = {https://www.ncbi.nlm.nih.gov/pmc/articles/PMC1069810/},
   year = {1991},
   type = {Journal Article}
}

@article{RN211,
   author = {Steventon, A. and Bardsley, M. and Billings, J. and Dixon, J. and Doll, H. and Beynon, M. and Hirani, S. and Cartwright, M. and Rixon, L. and Knapp, M. and Henderson, C. and Rogers, A. and Hendy, J. and Fitzpatrick, R. and Newman, S.},
   title = {Effect of telecare on use of health and social care services: findings from the Whole Systems Demonstrator cluster randomised trial},
   journal = {Age & Ageing},
   volume = {42},
   number = {4},
   pages = {501-8},
   url = {http://ovidsp.ovid.com/ovidweb.cgi?T=JS&CSC=Y&NEWS=N&PAGE=fulltext&D=medl&AN=23443509
http://eleanor.lib.gla.ac.uk:4550/resserv?sid=OVID:medline&id=pmid:23443509&id=doi:10.1093%2Fageing%2Faft008&issn=0002-0729&isbn=&volume=42&issue=4&spage=501&pages=501-8&date=2013&title=Age+%26+Ageing&atitle=Effect+of+telecare+on+use+of+health+and+social+care+services%3A+findings+from+the+Whole+Systems+Demonstrator+cluster+randomised+trial.&aulast=Steventon&pid=%3Cauthor%3ESteventon+A%3C%2Fauthor%3E%3CAN%3E23443509%3C%2FAN%3E%3CDT%3EJournal+Article%3C%2FDT%3E},
   year = {2013},
   type = {Journal Article}
}

@article{RN212,
   author = {Steventon, A. and Roberts, A.},
   title = {Estimating length of stay in publicly-funded residential and nursing care homes: a retrospective analysis using linked administrative data sets},
   journal = {BMC Health Services Research},
   volume = {12},
   pages = {377},
   url = {http://ovidsp.ovid.com/ovidweb.cgi?T=JS&CSC=Y&NEWS=N&PAGE=fulltext&D=medl&AN=23110445
http://eleanor.lib.gla.ac.uk:4550/resserv?sid=OVID:medline&id=pmid:23110445&id=doi:10.1186%2F1472-6963-12-377&issn=1472-6963&isbn=&volume=12&issue=1&spage=377&pages=377&date=2012&title=BMC+Health+Services+Research&atitle=Estimating+length+of+stay+in+publicly-funded+residential+and+nursing+care+homes%3A+a+retrospective+analysis+using+linked+administrative+data+sets.&aulast=Steventon&pid=%3Cauthor%3ESteventon+A%3C%2Fauthor%3E%3CAN%3E23110445%3C%2FAN%3E%3CDT%3EJournal+Article%3C%2FDT%3E
http://www.ncbi.nlm.nih.gov/pmc/articles/PMC3537534/pdf/1472-6963-12-377.pdf},
   year = {2012},
   type = {Journal Article}
}

@article{RN201,
   author = {Steventon, Adam and Roberts, Adam},
   title = {Estimating Lifetime Costs of Social Care: A Bayesian Approach Using Linked Administrative Datasets from Three Geographical Areas},
   journal = {Health Economics},
   volume = {24},
   number = {12},
   pages = {1573-1587},
   ISSN = {1057-9230},
   DOI = {10.1002/hec.3110},
   url = {http://search.ebscohost.com/login.aspx?direct=true&db=cin20&AN=110695491&site=ehost-live
http://onlinelibrary.wiley.com/store/10.1002/hec.3110/asset/hec3110.pdf?v=1&t=iroxb3br&s=eb608ea8a4a6b1a28df4fe079f9fed7f6337fb01},
   year = {2015},
   type = {Journal Article}
}

@article{RN362,
   author = {Stewart, Ailsa and Petch, Alison and Curtice, Lisa},
   title = {Moving towards integrated working in health and social care in Scotland: from maze to matrix},
   journal = {Journal of Interprofessional Care},
   volume = {17},
   number = {4},
   pages = {335-350},
   ISSN = {1356-1820},
   url = {Moving towards integrated working in health and social care in Scotland: from maze to matrix},
   year = {2003},
   type = {Journal Article}
}

@article{RN161,
   author = {Tanner, Denise},
   title = {Older people and access to care},
   journal = {The British Journal of Social Work},
   pages = {499-515},
   ISSN = {0045-3102},
   year = {2003},
   type = {Journal Article}
}

@article{RN73,
   author = {Tonelli, Marcello and Wiebe, Natasha and Fortin, Martin and Guthrie, Bruce and Hemmelgarn, Brenda R and James, Matthew T and Klarenbach, Scott W and Lewanczuk, Richard and Manns, Braden J and Ronksley, Paul},
   title = {Methods for identifying 30 chronic conditions: application to administrative data},
   journal = {BMC medical informatics and decision making},
   volume = {15},
   number = {1},
   pages = {31},
   ISSN = {1472-6947},
   url = {http://www.biomedcentral.com/content/pdf/s12911-015-0155-5.pdf},
   year = {2015},
   type = {Journal Article}
}

@article{RN67,
   author = {Tooth, Leigh and Hockey, Richard and Byles, Julie and Dobson, Annette},
   title = {Weighted multimorbidity indexes predicted mortality, health service use, and health-related quality of life in older women},
   journal = {Journal of clinical epidemiology},
   volume = {61},
   number = {2},
   pages = {151-159},
   ISSN = {0895-4356},
   url = {http://ac.els-cdn.com/S0895435607002090/1-s2.0-S0895435607002090-main.pdf?_tid=0d54642c-6c0b-11e5-b457-00000aacb35e&acdnat=1444123222_62009e415f2ebb5ce21ce5d6b7fd5f63},
   year = {2008},
   type = {Journal Article}
}

@article{RN297,
   author = {Topchy, Alexander and Jain, Anil K and Punch, William},
   title = {Clustering ensembles: Models of consensus and weak partitions},
   journal = {IEEE Transactions on pattern analysis and machine intelligence},
   volume = {27},
   number = {12},
   pages = {1866-1881},
   ISSN = {0162-8828},
   url = {http://ieeexplore.ieee.org/stamp/stamp.jsp?arnumber=1524981},
   year = {2005},
   type = {Journal Article}
}

@article{RN120,
   author = {Tudor-Hart, Julian},
   title = {The inverse care law},
   journal = {The Lancet},
   volume = {297},
   number = {7696},
   pages = {405-412},
   ISSN = {0140-6736},
   year = {1971},
   type = {Journal Article}
}

@misc{RN168,
   url = {https://www.google.co.uk/url?sa=t&rct=j&q=&esrc=s&source=web&cd=3&cad=rja&uact=8&sqi=2&ved=0ahUKEwihg9iv5MnKAhVJRBQKHRk9BA8QFggwMAI&url=https%3A%2F%2Fwww.carersuk.org%2Fsearch%3Ftask%3Ddownload%26file%3Dpolicy_file%26id%3D5049&usg=AFQjCNFInSsoK6_6yEJDwg4AZ9HC3UjHYA&bvm=bv.112766941,d.ZWU},
   year = {2014},
   type = {Web Page}
}

@book{RN119,
   author = {Unit, Social Exclusion},
   title = {A New Commitment to Neighbourhood Renewal: National Strategy Action Plan-a Report},
   publisher = {Cabinet Office},
   year = {2001},
   type = {Book}
}

@article{RN64,
   author = {Valderas, Jose M and Starfield, Barbara and Sibbald, Bonnie and Salisbury, Chris and Roland, Martin},
   title = {Defining comorbidity: implications for understanding health and health services},
   journal = {The Annals of Family Medicine},
   volume = {7},
   number = {4},
   pages = {357-363},
   ISSN = {1544-1709},
   url = {http://www.ncbi.nlm.nih.gov/pmc/articles/PMC2713155/pdf/0060357.pdf},
   year = {2009},
   type = {Journal Article}
}

@article{RN52,
   author = {Van de Poel, E. and Van Doorslaer, E. and O'Donnell, O.},
   title = {Measurement of inequity in health care with heterogeneous response of use to need},
   journal = {Journal of Health Economics},
   volume = {31},
   number = {4},
   pages = {676-689},
   ISSN = {0167-6296},
   DOI = {10.1016/j.jhealeco.2012.05.005},
   url = {<Go to ISI>://WOS:000308517800010
http://www.sciencedirect.com/science/article/pii/S0167629612000598},
   year = {2012},
   type = {Journal Article}
}

@article{RN19,
   author = {van den Akker, Marjan and Buntinx, Frank and Knottnerus, J. André},
   title = {Comorbidity or multimorbidity},
   journal = {European Journal of General Practice},
   volume = {2},
   number = {2},
   pages = {65-70},
   ISSN = {1381-4788},
   DOI = {10.3109/13814789609162146},
   url = {http://www.tandfonline.com/doi/abs/10.3109/13814789609162146},
   year = {1996},
   type = {Journal Article}
}

@article{RN90,
   author = {Van den Akker, Marjan and Buntinx, Frank and Metsemakers, Job FM and Roos, Sjef and Knottnerus, J André},
   title = {Multimorbidity in general practice: prevalence, incidence, and determinants of co-occurring chronic and recurrent diseases},
   journal = {Journal of clinical epidemiology},
   volume = {51},
   number = {5},
   pages = {367-375},
   ISSN = {0895-4356},
   url = {http://www.sciencedirect.com/science/article/pii/S0895435697003065},
   year = {1998},
   type = {Journal Article}
}

@article{RN91,
   author = {van den Akker, Marjan and Buntinx, Frank and Roos, Sjef and Knottnerus, J André},
   title = {Problems in determining occurrence rates of multimorbidity},
   journal = {Journal of clinical epidemiology},
   volume = {54},
   number = {7},
   pages = {675-679},
   ISSN = {0895-4356},
   year = {2001},
   type = {Journal Article}
}

@article{RN197,
   author = {van Kollenburg, Geert H and Mulder, Joris and Vermunt, Jeroen K},
   title = {Assessing model fit in latent class analysis when asymptotics do not hold},
   journal = {Methodology: European Journal of Research Methods for the Behavioral and Social Sciences},
   volume = {11},
   number = {2},
   pages = {65},
   ISSN = {1614-2241},
   year = {2015},
   type = {Journal Article}
}

@article{RN198,
   author = {Vermunt, Jeroen K and Magidson, Jay},
   title = {Latent class cluster analysis},
   journal = {Applied latent class analysis},
   volume = {11},
   pages = {89-106},
   year = {2002},
   type = {Journal Article}
}

@article{RN15,
   author = {Violan, C. and Foguet-Boreu, Q. and Flores-Mateo, G. and Salisbury, C. and Blom, J. and Freitag, M. and Glynn, L. and Muth, C. and Valderas, J. M.},
   title = {Prevalence, Determinants and Patterns of Multimorbidity in Primary Care: A Systematic Review of Observational Studies},
   journal = {Plos One},
   volume = {9},
   number = {7},
   ISSN = {1932-6203},
   DOI = {10.1371/journal.pone.0102149},
   url = {<Go to ISI>://WOS:000339558100020
http://www.plosone.org/article/fetchObject.action?uri=info:doi/10.1371/journal.pone.0102149&representation=PDF},
   year = {2014},
   type = {Journal Article}
}

@article{RN101,
   author = {Violan, C. and Foguet-Boreu, Q. and Roso-Llorach, A. and Rodriguez-Blanco, T. and Pons-Vigues, M. and Pujol-Ribera, E. and Munoz-Perez, M. A. and Valderas, J. M.},
   title = {Burden of multimorbidity, socioeconomic status and use of health services across stages of life in urban areas: a cross-sectional study},
   journal = {BMC Public Health},
   volume = {14},
   pages = {530},
   ISSN = {1471-2458},
   DOI = {10.1186/1471-2458-14-530},
   url = {http://www.ncbi.nlm.nih.gov/pmc/articles/PMC4060853/pdf/1471-2458-14-530.pdf},
   year = {2014},
   type = {Journal Article}
}

@article{RN185,
   author = {Violán, C and Foguet-Boreu, Q and Roso-Llorach, A and Rodriguez-Blanco, T and Pons-Vigués, M and Pujol-Ribera, E and Valderas, JM},
   title = {[Multimorbidity patterns in young adults in Catalonia: an analysis of clusters]},
   journal = {Atencion primaria/Sociedad Espanola de Medicina de Familia y Comunitaria},
   ISSN = {0212-6567},
   year = {2015},
   type = {Journal Article}
}

@article{RN340,
   author = {Von Korff, Michael and Wagner, Edward H and Saunders, Kathleen},
   title = {A chronic disease score from automated pharmacy data},
   journal = {Journal of clinical epidemiology},
   volume = {45},
   number = {2},
   pages = {197-203},
   ISSN = {0895-4356},
   url = {http://www.sciencedirect.com/science/article/pii/089543569290016G},
   year = {1992},
   type = {Journal Article}
}

@article{RN102,
   author = {Vos, R. and Aarts, S. and van Mulligen, E. and Metsemakers, J. and van Boxtel, M. P. and Verhey, F. and van den Akker, M.},
   title = {Finding potentially new multimorbidity patterns of psychiatric and somatic diseases: exploring the use of literature-based discovery in primary care research},
   journal = {J Am Med Inform Assoc},
   volume = {21},
   number = {1},
   pages = {139-45},
   ISSN = {1067-5027},
   DOI = {10.1136/amiajnl-2012-001448},
   url = {http://www.ncbi.nlm.nih.gov/pmc/articles/PMC3912726/pdf/amiajnl-2012-001448.pdf},
   year = {2014},
   type = {Journal Article}
}

@article{RN97,
   author = {Vos, Rein and van den Akker, Marjan and Boesten, Jos and Robertson, Caroline and Metsemakers, Job},
   title = {Trajectories of multimorbidity: exploring patterns of multimorbidity in patients with more than ten chronic health problems in life course},
   journal = {Bmc Family Practice},
   volume = {16},
   ISSN = {1471-2296},
   DOI = {10.1186/s12875-014-0213-6},
   url = {<Go to ISI>://WOS:000349124400001
http://www.biomedcentral.com/content/pdf/s12875-014-0213-6.pdf},
   year = {2015},
   type = {Journal Article}
}

@article{RN186,
   author = {Vyas, Ami and Pan, Xiaoyun and Sambamoorthi, Usha},
   title = {Chronic condition clusters and polypharmacy among adults},
   journal = {International journal of family medicine},
   volume = {2012},
   ISSN = {2090-2042},
   year = {2012},
   type = {Journal Article}
}

@article{RN364,
   author = {Walker, Christine and Peterson, Chris L},
   title = {Multimorbidity: a sociological perspective of systems},
   journal = {Journal of evaluation in clinical practice},
   volume = {23},
   number = {1},
   pages = {209-212},
   ISSN = {1365-2753},
   url = {http://onlinelibrary.wiley.com/doi/10.1111/jep.12599/full},
   year = {2017},
   type = {Journal Article}
}

@article{RN228,
   author = {Wallace, Emma and McDowell, Ronald and Bennett, Kathleen and Fahey, Tom and Smith, Susan M},
   title = {Comparison of count-based multimorbidity measures in predicting emergency admission and functional decline in older community-dwelling adults: a prospective cohort study},
   journal = {BMJ open},
   volume = {6},
   number = {9},
   pages = {e013089},
   ISSN = {2044-6055},
   url = {http://bmjopen.bmj.com/content/6/9/e013089.abstract},
   year = {2016},
   type = {Journal Article}
}

@article{RN240,
   author = {Walsh, David and McCartney, Gerry and Collins, Chik and Taulbut, Martin and Batty, G David},
   title = {History, politics and vulnerability: explaining excess mortality in Scotland and Glasgow},
   journal = {Glasgow Centre for Population Health Glasgow},
   url = {http://s3.amazonaws.com/academia.edu.documents/45745595/History_politics_and_vulnerability.pdf?AWSAccessKeyId=AKIAIWOWYYGZ2Y53UL3A&Expires=1485176112&Signature=bF4aQWiJueAsQ5utoIpkFrGhehI%3D&response-content-disposition=inline%3B%20filename%3DHistory_politics_and_vulnerability_expla.pdf},
   year = {2016},
   type = {Journal Article}
}

@article{RN42,
   author = {Waters, Hugh R},
   title = {Measuring equity in access to health care},
   journal = {Social Science & Medicine},
   volume = {51},
   number = {4},
   pages = {599-612},
   ISSN = {0277-9536},
   url = {http://www.sciencedirect.com/science/article/pii/S0277953600000034},
   year = {2000},
   type = {Journal Article}
}

@article{RN121,
   author = {Watt, Graham},
   title = {The inverse care law today},
   journal = {The Lancet},
   volume = {360},
   number = {9328},
   pages = {252-254},
   ISSN = {0140-6736},
   year = {2002},
   type = {Journal Article}
}

@techreport{RN321,
   author = {Weatherly, Helen and Mason, Anne and Goddard, Maria and Wright, K},
   title = {Financial integration across health and social care: evidence review},
   url = {https://www.york.ac.uk/che/pdf/Financial%20Integration%20Across%20Health%20and%20Social%20Care%20-%20Research%20Findings.pdf},
   year = {2010},
   type = {Report}
}

@article{RN282,
   author = {Welchowski, T and Schmid, M},
   title = {discSurv: Discrete time survival analysis},
   journal = {R package version},
   volume = {1},
   number = {1},
   pages = {1},
   year = {2015},
   type = {Journal Article}
}

@article{RN268,
   author = {Weston, Charlotte and Gilkes, Alexander and Durbaba, Stevo and Schofield, Peter and White, Patrick and Ashworth, Mark},
   title = {Long term condition morbidity in English general practice: a cross-sectional study using three composite morbidity measures},
   journal = {BMC Family Practice},
   volume = {17},
   number = {1},
   pages = {166},
   ISSN = {1471-2296},
   url = {https://bmcfampract.biomedcentral.com/articles/10.1186/s12875-016-0563-3},
   year = {2016},
   type = {Journal Article}
}

@article{RN48,
   author = {White, J. and Gutacker, N. and Jacobs, R. and Mason, A.},
   title = {Hospital admissions for severe mental illness in England: Changes in equity of utilisation at the small area level between 2006 and 2010},
   journal = {Social Science & Medicine},
   volume = {120},
   pages = {243-251},
   ISSN = {0277-9536},
   DOI = {10.1016/j.socscimed.2014.09.036},
   url = {<Go to ISI>://WOS:000345180600028
http://ac.els-cdn.com/S0277953614006030/1-s2.0-S0277953614006030-main.pdf?_tid=d5ca57c2-687d-11e5-ac4d-00000aacb35f&acdnat=1443732717_c03a020f3bc49c70cbb3a262acad83a3},
   year = {2014},
   type = {Journal Article}
}

@book{RN328,
   author = {Whitehead, Margaret},
   title = {The Health Divide: Inequalities in Health in the 1980's: a Review Commissioned by the Health Education Council},
   publisher = {Health Education Authority},
   ISBN = {0903652129},
   year = {1987},
   type = {Book}
}

@techreport{RN319,
   author = {WHO},
   title = {The world health report 2008: primary health care: now more than ever},
   url = {http://www.who.int/whr/2008/en/},
   year = {2008},
   type = {Report}
}

@techreport{RN160,
   author = {WHO},
   title = {Global status report on noncommunicable diseases},
   url = {http://apps.who.int/iris/bitstream/10665/148114/1/9789241564854_eng.pdf},
   year = {2014},
   type = {Report}
}

@techreport{RN320,
   author = {WHO},
   title = {WHO global strategy on people-centred and integrated health services: interim report},
   url = {http://apps.who.int/iris/bitstream/10665/155002/1/WHO_HIS_SDS_2015.6_eng.pdf},
   year = {2015},
   type = {Report}
}

@techreport{RN296,
   author = {Wickham, H},
   title = {tidyverse: Easily install and load ‘tidyverse’packages [Software]},
   url = {https://cran.r-project.org/web/packages/tidyverse/index.html},
   year = {2017},
   type = {Report}
}

@article{RN283,
   author = {Wickham, Hadley and Francois, Romain},
   title = {dplyr: a grammar of data manipulation, 2013},
   journal = {URL https://github. com/hadley/dplyr. version 0.1.[p 1]},
   year = {2016},
   type = {Journal Article}
}

@book{RN381,
   author = {Wilkinson, Richard and Pickett, Kate},
   title = {The spirit level: Why equality is better for everyone},
   publisher = {Penguin UK},
   address = {London},
   ISBN = {0241954290},
   year = {2010},
   type = {Book}
}

@book{RN334,
   author = {Wilkinson, Richard G},
   title = {The impact of inequality: How to make sick societies healthier},
   publisher = {The New Press},
   ISBN = {1595581219},
   year = {2005},
   type = {Book}
}

@techreport{RN307,
   author = {Wilkinson, Richard G and Marmot, Michael},
   title = {Social determinants of health: the solid facts},
   url = {http://www.vodppl.upm.edu.my/~vauser/uploads/docs/fem3202_1307003343.pdf},
   year = {2003},
   type = {Report}
}

@book{RN376,
   author = {Wilkinson, Richard G and Pickett, Kate},
   title = {The spirit level: Why more equal societies almost always do better},
   publisher = {Penguin books},
   address = {London},
   year = {2010},
   type = {Book}
}

@article{RN254,
   author = {Willadsen, Tora Grauers and Bebe, Anna and Køster-Rasmussen, Rasmus and Jarbøl, Dorte Ejg and Guassora, Ann Dorrit and Waldorff, Frans Boch and Reventlow, Susanne and Olivarius, Niels de Fine},
   title = {The role of diseases, risk factors and symptoms in the definition of multimorbidity–a systematic review},
   journal = {Scandinavian journal of primary health care},
   volume = {34},
   number = {2},
   pages = {112-121},
   ISSN = {0281-3432},
   url = {http://www.tandfonline.com/doi/abs/10.3109/02813432.2016.1153242},
   year = {2016},
   type = {Journal Article}
}

@article{RN132,
   author = {Witham, M. D. and Frost, H. and McMurdo, M. and Donnan, P. T. and McGilchrist, M.},
   title = {Construction of a linked health and social care database resource--lessons on process, content and culture},
   journal = {Inform Health Soc Care},
   volume = {40},
   number = {3},
   pages = {229-39},
   ISSN = {1753-8157},
   DOI = {10.3109/17538157.2014.892491},
   year = {2015},
   type = {Journal Article}
}

@article{RN65,
   author = {Wolff, Jennifer L and Starfield, Barbara and Anderson, Gerard},
   title = {Prevalence, expenditures, and complications of multiple chronic conditions in the elderly},
   journal = {Archives of internal medicine},
   volume = {162},
   number = {20},
   pages = {2269-2276},
   ISSN = {0003-9926},
   url = {http://archinte.jamanetwork.com/article.aspx?articleid=213908},
   year = {2002},
   type = {Journal Article}
}

@article{RN14,
   author = {Yurkovich, M. and Avina-Zubieta, J. A. and Thomas, J. and Gorenchtein, M. and Lacaille, D.},
   title = {A systematic review identifies valid comorbidity indices derived from administrative health data},
   journal = {Journal of Clinical Epidemiology},
   volume = {68},
   number = {1},
   pages = {3-14},
   ISSN = {0895-4356},
   DOI = {10.1016/j.jclinepi.2014.09.010},
   url = {<Go to ISI>://WOS:000346690800002
http://ac.els-cdn.com/S0895435614003576/1-s2.0-S0895435614003576-main.pdf?_tid=69f6a2bc-6689-11e5-bfeb-00000aacb35e&acdnat=1443517788_8e612a58308cdf006e5e7602c68a18a1},
   year = {2015},
   type = {Journal Article}
}

@article{RN71,
   author = {Zhou, Yuefang and Lundy, Jenna-Marie and Humphris, Gerry and Mercer, Stewart William},
   title = {Do multimorbidity and deprivation influence patients’ emotional expressions and doctors’ responses in primary care consultations?–An exploratory study using multilevel analysis},
   journal = {Patient education and counseling},
   volume = {98},
   number = {9},
   pages = {1063-1070},
   ISSN = {0738-3991},
   url = {http://ac.els-cdn.com/S0738399115002712/1-s2.0-S0738399115002712-main.pdf?_tid=c31c2e9e-6cdc-11e5-b506-00000aacb362&acdnat=1444213292_9a08369f549a992fbf48bec2e9890be3},
   year = {2015},
   type = {Journal Article}
}

@article{RN74,
   author = {Zulman, Donna M and Chee, Christine Pal and Wagner, Todd H and Yoon, Jean and Cohen, Danielle M and Holmes, Tyson H and Ritchie, Christine and Asch, Steven M},
   title = {Multimorbidity and healthcare utilisation among high-cost patients in the US Veterans Affairs Health Care System},
   journal = {BMJ open},
   volume = {5},
   number = {4},
   pages = {e007771},
   ISSN = {2044-6055},
   url = {http://www.ncbi.nlm.nih.gov/pmc/articles/PMC4401870/pdf/bmjopen-2015-007771.pdf},
   year = {2015},
   type = {Journal Article}
}

